Retailer,Retailer ID,Invoice Date,Region,State,City,Gender Type,Product Category,Price per Unit,Units Sold,Total Sales,Operating Profit,Operating Margin,Sales Method
Foot Locker,1185742,"Tuesday, October 26, 2021",East,UP-East,Prayagraj,Men,Apparel,55,125,68750,24062.5,0.35,Outlet
Foot Locker,1185742,"Wednesday, October 27, 2021",East,UP-East,Prayagraj,Women,Apparel,45,225,101250,30375,0.3,Outlet
Foot Locker,1185742,"Thursday, October 28, 2021",East,UP-East,Prayagraj,Men,Street Footwear,45,475,213750,117562.5,0.55,Outlet
Foot Locker,1185742,"Friday, October 29, 2021",East,UP-East,Prayagraj,Men,Athletic Footwear,45,125,56250,19687.5,0.35,Outlet
Foot Locker,1185742,"Saturday, October 30, 2021",East,UP-East,Prayagraj,Women,Street Footwear,35,175,61250,24500,0.4,Outlet
Foot Locker,1185742,"Sunday, October 31, 2021",East,UP-East,Prayagraj,Women,Athletic Footwear,40,50,20000,8000,0.4,Outlet
Foot Locker,1185742,"Monday, November 1, 2021",East,UP-East,Prayagraj,Men,Apparel,55,125,68750,24062.5,0.35,Outlet
Foot Locker,1185742,"Tuesday, November 2, 2021",East,UP-East,Prayagraj,Women,Apparel,45,225,101250,30375,0.3,Outlet
Foot Locker,1185742,"Wednesday, November 3, 2021",East,UP-East,Prayagraj,Men,Street Footwear,50,445,222500,122375,0.55,Outlet
Foot Locker,1185742,"Thursday, November 4, 2021",East,UP-East,Prayagraj,Men,Athletic Footwear,50,150,75000,26250,0.35,Outlet
Foot Locker,1185742,"Friday, November 5, 2021",East,UP-East,Prayagraj,Women,Street Footwear,40,175,70000,28000,0.4,Outlet
Foot Locker,1185742,"Saturday, November 6, 2021",East,UP-East,Prayagraj,Women,Athletic Footwear,45,25,11250,4500,0.4,Outlet
Foot Locker,1185742,"Sunday, November 7, 2021",East,UP-East,Prayagraj,Men,Apparel,60,75,45000,13500,0.3,Outlet
Foot Locker,1185742,"Monday, November 8, 2021",East,UP-East,Prayagraj,Women,Apparel,50,175,87500,21875,0.25,Outlet
Foot Locker,1185742,"Tuesday, November 9, 2021",East,UP-East,Prayagraj,Men,Street Footwear,50,450,225000,112500,0.5,Outlet
Foot Locker,1185742,"Wednesday, November 10, 2021",East,UP-East,Prayagraj,Men,Athletic Footwear,50,150,75000,22500,0.3,Outlet
Foot Locker,1185742,"Thursday, November 11, 2021",East,UP-East,Prayagraj,Women,Street Footwear,40,150,60000,21000,0.35,Outlet
Foot Locker,1185742,"Friday, November 12, 2021",East,UP-East,Prayagraj,Women,Athletic Footwear,45,75,33750,11812.5,0.35,Outlet
Foot Locker,1185742,"Saturday, November 13, 2021",East,UP-East,Prayagraj,Men,Apparel,60,75,45000,13500,0.3,Outlet
Foot Locker,1185742,"Sunday, November 14, 2021",East,UP-East,Prayagraj,Women,Apparel,50,200,100000,25000,0.25,Outlet
Foot Locker,1185742,"Monday, November 15, 2021",East,UP-East,Prayagraj,Men,Street Footwear,60,470,282000,141000,0.5,Outlet
Foot Locker,1185742,"Tuesday, November 16, 2021",East,UP-East,Prayagraj,Men,Athletic Footwear,60,175,105000,31500,0.3,Outlet
Foot Locker,1185742,"Wednesday, November 17, 2021",East,UP-East,Prayagraj,Women,Street Footwear,55,150,82500,28875,0.35,Outlet
Foot Locker,1185742,"Thursday, November 18, 2021",East,UP-East,Prayagraj,Women,Athletic Footwear,55,100,55000,19250,0.35,Outlet
Foot Locker,1185742,"Friday, November 19, 2021",East,UP-East,Prayagraj,Men,Apparel,65,125,81250,24375,0.3,Outlet
Foot Locker,1185742,"Saturday, November 20, 2021",East,UP-East,Prayagraj,Women,Apparel,70,250,175000,52500,0.3,Outlet
Foot Locker,1185741,"Sunday, November 21, 2021",East,UP-East,Gorakhpur,Men,Street Footwear,65,500,325000,178750,0.55,Outlet
Foot Locker,1185741,"Monday, November 22, 2021",East,UP-East,Gorakhpur,Men,Athletic Footwear,60,250,150000,52500,0.35,Outlet
Foot Locker,1185741,"Tuesday, November 23, 2021",East,UP-East,Gorakhpur,Women,Street Footwear,55,175,96250,38500,0.4,Outlet
Foot Locker,1185741,"Wednesday, November 24, 2021",East,UP-East,Gorakhpur,Women,Athletic Footwear,55,150,82500,33000,0.4,Outlet
Foot Locker,1185741,"Thursday, November 25, 2021",East,UP-East,Gorakhpur,Men,Apparel,65,150,97500,34125,0.35,Outlet
Foot Locker,1185741,"Friday, November 26, 2021",East,UP-East,Gorakhpur,Women,Apparel,70,300,210000,63000,0.3,Outlet
Foot Locker,1185741,"Saturday, November 27, 2021",East,UP-East,Gorakhpur,Men,Street Footwear,65,500,325000,178750,0.55,Outlet
Foot Locker,1185741,"Sunday, November 28, 2021",East,UP-East,Gorakhpur,Men,Athletic Footwear,60,300,180000,63000,0.35,Outlet
Foot Locker,1185741,"Monday, November 29, 2021",East,UP-East,Gorakhpur,Women,Street Footwear,55,225,123750,49500,0.4,Outlet
Foot Locker,1185741,"Tuesday, November 30, 2021",East,UP-East,Gorakhpur,Women,Athletic Footwear,55,175,96250,38500,0.4,Outlet
Foot Locker,1185741,"Wednesday, December 1, 2021",East,UP-East,Gorakhpur,Men,Apparel,65,200,130000,45500,0.35,Outlet
Foot Locker,1185741,"Thursday, December 2, 2021",East,UP-East,Gorakhpur,Women,Apparel,70,375,262500,78750,0.3,Outlet
Foot Locker,1185741,"Friday, December 3, 2021",East,UP-East,Gorakhpur,Men,Street Footwear,65,525,341250,187687.5,0.55,Outlet
Foot Locker,1185741,"Saturday, December 4, 2021",East,UP-East,Gorakhpur,Men,Athletic Footwear,60,300,180000,63000,0.35,Outlet
Foot Locker,1185741,"Sunday, December 5, 2021",East,UP-East,Gorakhpur,Women,Street Footwear,55,225,123750,49500,0.4,Outlet
Foot Locker,1185741,"Monday, December 6, 2021",East,UP-East,Gorakhpur,Women,Athletic Footwear,55,200,110000,44000,0.4,Outlet
Foot Locker,1185741,"Tuesday, December 7, 2021",East,UP-East,Gorakhpur,Men,Apparel,65,175,113750,39812.5,0.35,Outlet
Foot Locker,1185741,"Wednesday, December 8, 2021",East,UP-East,Gorakhpur,Women,Apparel,70,350,245000,73500,0.3,Outlet
Foot Locker,1185741,"Thursday, December 9, 2021",East,UP-East,Gorakhpur,Men,Street Footwear,65,475,308750,154375,0.5,Outlet
Foot Locker,1185741,"Friday, December 10, 2021",East,UP-East,Gorakhpur,Men,Athletic Footwear,50,275,137500,41250,0.3,Outlet
Foot Locker,1185741,"Saturday, December 11, 2021",East,UP-East,Gorakhpur,Women,Street Footwear,45,200,90000,31500,0.35,Outlet
Foot Locker,1185741,"Sunday, December 12, 2021",East,UP-East,Gorakhpur,Women,Athletic Footwear,45,175,78750,27562.5,0.35,Outlet
Foot Locker,1185741,"Monday, December 13, 2021",East,UP-East,Gorakhpur,Men,Apparel,55,125,68750,20625,0.3,Outlet
Foot Locker,1185741,"Tuesday, December 14, 2021",East,UP-East,Gorakhpur,Women,Apparel,60,225,135000,33750,0.25,Outlet
Foot Locker,1185741,"Wednesday, December 15, 2021",East,UP-East,Gorakhpur,Men,Street Footwear,60,400,240000,120000,0.5,Outlet
Foot Locker,1185741,"Thursday, December 16, 2021",East,UP-East,Gorakhpur,Men,Athletic Footwear,50,225,112500,33750,0.3,Outlet
Foot Locker,1185741,"Friday, December 17, 2021",East,UP-East,Gorakhpur,Women,Street Footwear,50,125,62500,21875,0.35,Outlet
Foot Locker,1185741,"Saturday, December 18, 2021",East,UP-East,Gorakhpur,Women,Athletic Footwear,50,100,50000,17500,0.35,Outlet
Foot Locker,1185741,"Sunday, December 19, 2021",East,UP-East,Gorakhpur,Men,Apparel,60,100,60000,18000,0.3,Outlet
Foot Locker,1185741,"Monday, December 20, 2021",East,UP-East,Gorakhpur,Women,Apparel,65,225,146250,36562.5,0.25,Outlet
Foot Locker,1185741,"Tuesday, December 21, 2021",East,UP-East,Gorakhpur,Men,Street Footwear,70,375,262500,144375,0.55,Outlet
Foot Locker,1185741,"Wednesday, December 22, 2021",East,UP-East,Gorakhpur,Men,Athletic Footwear,60,200,120000,42000,0.35,Outlet
Foot Locker,1185741,"Thursday, December 23, 2021",East,UP-East,Gorakhpur,Women,Street Footwear,60,195,117000,46800,0.4,Outlet
Foot Locker,1185741,"Friday, December 24, 2021",East,UP-East,Gorakhpur,Women,Athletic Footwear,60,175,105000,42000,0.4,Outlet
Foot Locker,1185741,"Saturday, December 25, 2021",East,UP-East,Gorakhpur,Men,Apparel,70,150,105000,36750,0.35,Outlet
Foot Locker,1185741,"Sunday, December 26, 2021",East,UP-East,Gorakhpur,Women,Apparel,75,250,187500,56250,0.3,Outlet
Foot Locker,1185741,"Monday, December 27, 2021",East,UP-East,Gorakhpur,Men,Street Footwear,70,475,332500,182875,0.55,Outlet
Foot Locker,1185741,"Tuesday, December 28, 2021",East,UP-East,Gorakhpur,Men,Athletic Footwear,60,275,165000,57750,0.35,Outlet
Foot Locker,1185741,"Wednesday, December 29, 2021",East,UP-East,Gorakhpur,Women,Street Footwear,60,225,135000,54000,0.4,Outlet
Foot Locker,1185741,"Thursday, December 30, 2021",East,UP-East,Gorakhpur,Women,Athletic Footwear,60,175,105000,42000,0.4,Outlet
Foot Locker,1185741,"Friday, December 31, 2021",East,UP-East,Gorakhpur,Men,Apparel,70,175,122500,42875,0.35,Outlet
Foot Locker,1185741,"Wednesday, January 1, 2020",East,UP-East,Gorakhpur,Women,Apparel,75,275,206250,61875,0.3,Outlet
Foot Locker,1185742,"Tuesday, October 26, 2021",East,UP-East,Prayagraj,Men,Apparel,42,41,1722,706.02,0.41,Outlet
Foot Locker,1185742,"Wednesday, October 27, 2021",East,UP-East,Prayagraj,Women,Apparel,32,70,2240,761.6,0.34,Outlet
Foot Locker,1185742,"Thursday, October 28, 2021",East,UP-East,Prayagraj,Men,Street Footwear,32,166,5312,3187.2,0.6,Outlet
Foot Locker,1185742,"Friday, October 29, 2021",East,UP-East,Prayagraj,Men,Athletic Footwear,32,44,1408,563.2,0.4,Outlet
Foot Locker,1185742,"Saturday, October 30, 2021",East,UP-East,Prayagraj,Women,Street Footwear,25,54,1350,607.5,0.45,Outlet
Foot Locker,1185742,"Sunday, October 31, 2021",East,UP-East,Prayagraj,Women,Athletic Footwear,28,17,476,199.92,0.42,Outlet
Foot Locker,1185742,"Monday, November 1, 2021",East,UP-East,Prayagraj,Men,Apparel,39,40,1560,577.2,0.37,Outlet
Foot Locker,1185742,"Tuesday, November 2, 2021",East,UP-East,Prayagraj,Women,Apparel,30,74,2220,777,0.35,Outlet
Foot Locker,1185742,"Wednesday, November 3, 2021",East,UP-East,Prayagraj,Men,Street Footwear,39,156,6084,3528.72,0.58,Outlet
Foot Locker,1185742,"Thursday, November 4, 2021",East,UP-East,Prayagraj,Men,Athletic Footwear,33,53,1749,647.13,0.37,Outlet
Foot Locker,1185742,"Friday, November 5, 2021",East,UP-East,Prayagraj,Women,Street Footwear,29,58,1682,756.9,0.45,Outlet
Foot Locker,1185742,"Saturday, November 6, 2021",East,UP-East,Prayagraj,Women,Athletic Footwear,32,8,256,112.64,0.44,Outlet
Foot Locker,1185742,"Sunday, November 7, 2021",East,UP-East,Prayagraj,Men,Apparel,41,24,984,334.56,0.34,Outlet
Foot Locker,1185742,"Monday, November 8, 2021",East,UP-East,Prayagraj,Women,Apparel,38,61,2318,718.58,0.31,Outlet
Foot Locker,1185742,"Tuesday, November 9, 2021",East,UP-East,Prayagraj,Men,Street Footwear,35,140,4900,2793,0.57,Outlet
Foot Locker,1185742,"Wednesday, November 10, 2021",East,UP-East,Prayagraj,Men,Athletic Footwear,37,51,1887,603.84,0.32,Outlet
Foot Locker,1185742,"Thursday, November 11, 2021",East,UP-East,Prayagraj,Women,Street Footwear,27,51,1377,578.34,0.42,Outlet
Foot Locker,1185742,"Friday, November 12, 2021",East,UP-East,Prayagraj,Women,Athletic Footwear,36,24,864,328.32,0.38,Outlet
Foot Locker,1185742,"Saturday, November 13, 2021",East,UP-East,Prayagraj,Men,Apparel,45,26,1170,432.9,0.37,Outlet
Foot Locker,1185742,"Sunday, November 14, 2021",East,UP-East,Prayagraj,Women,Apparel,39,64,2496,673.92,0.27,Outlet
Foot Locker,1185742,"Monday, November 15, 2021",East,UP-East,Prayagraj,Men,Street Footwear,44,150,6600,3432,0.52,Outlet
Foot Locker,1185742,"Tuesday, November 16, 2021",East,UP-East,Prayagraj,Men,Athletic Footwear,40,54,2160,712.8,0.33,Outlet
Foot Locker,1185742,"Wednesday, November 17, 2021",East,UP-East,Prayagraj,Women,Street Footwear,38,53,2014,745.18,0.37,Outlet
Foot Locker,1185742,"Thursday, November 18, 2021",East,UP-East,Prayagraj,Women,Athletic Footwear,42,34,1428,571.2,0.4,Outlet
Foot Locker,1185742,"Friday, November 19, 2021",East,UP-East,Prayagraj,Men,Apparel,51,39,1989,735.93,0.37,Outlet
Foot Locker,1185742,"Saturday, November 20, 2021",East,UP-East,Prayagraj,Women,Apparel,51,78,3978,1471.86,0.37,Outlet
Foot Locker,1185742,"Sunday, November 21, 2021",East,UP-East,Prayagraj,Men,Street Footwear,49,170,8330,4748.1,0.57,Outlet
Foot Locker,1185742,"Monday, November 22, 2021",East,UP-East,Prayagraj,Men,Athletic Footwear,41,85,3485,1359.15,0.39,Outlet
Foot Locker,1185742,"Tuesday, November 23, 2021",East,UP-East,Prayagraj,Women,Street Footwear,42,54,2268,975.24,0.43,Outlet
Foot Locker,1185742,"Wednesday, November 24, 2021",East,UP-East,Prayagraj,Women,Athletic Footwear,43,53,2279,1071.13,0.47,Outlet
Foot Locker,1185742,"Thursday, November 25, 2021",East,UP-East,Prayagraj,Men,Apparel,43,48,2064,866.88,0.42,Outlet
Foot Locker,1185742,"Friday, November 26, 2021",East,UP-East,Prayagraj,Women,Apparel,52,105,5460,1911,0.35,Outlet
Foot Locker,1185742,"Saturday, November 27, 2021",East,UP-East,Prayagraj,Men,Street Footwear,49,175,8575,4887.75,0.57,Outlet
Foot Locker,1185742,"Sunday, November 28, 2021",East,UP-East,Prayagraj,Men,Athletic Footwear,45,99,4455,1737.45,0.39,Outlet
Foot Locker,1185742,"Monday, November 29, 2021",East,UP-East,Prayagraj,Women,Street Footwear,43,72,3096,1331.28,0.43,Outlet
Foot Locker,1185742,"Tuesday, November 30, 2021",East,UP-East,Prayagraj,Women,Athletic Footwear,39,56,2184,1026.48,0.47,Outlet
Foot Locker,1185742,"Wednesday, December 1, 2021",East,UP-East,Prayagraj,Men,Apparel,50,64,3200,1280,0.4,Outlet
Foot Locker,1185742,"Thursday, December 2, 2021",East,UP-East,Prayagraj,Women,Apparel,50,116,5800,2088,0.36,Outlet
Foot Locker,1185742,"Friday, December 3, 2021",East,UP-East,Prayagraj,Men,Street Footwear,51,179,9129,5294.82,0.58,Outlet
Foot Locker,1185742,"Saturday, December 4, 2021",East,UP-East,Prayagraj,Men,Athletic Footwear,44,102,4488,1884.96,0.42,Outlet
Foot Locker,1185742,"Sunday, December 5, 2021",East,UP-East,Prayagraj,Women,Street Footwear,38,79,3002,1410.94,0.47,Outlet
Foot Locker,1185742,"Monday, December 6, 2021",East,UP-East,Prayagraj,Women,Athletic Footwear,43,62,2666,1226.36,0.46,Outlet
Foot Locker,1185742,"Tuesday, December 7, 2021",East,UP-East,Prayagraj,Men,Apparel,46,54,2484,968.76,0.39,Outlet
Foot Locker,1185742,"Wednesday, December 8, 2021",East,UP-East,Prayagraj,Women,Apparel,49,123,6027,2169.72,0.36,Outlet
Foot Locker,1185742,"Thursday, December 9, 2021",East,UP-East,Prayagraj,Men,Street Footwear,46,162,7452,3875.04,0.52,Outlet
Foot Locker,1185742,"Friday, December 10, 2021",East,UP-East,Prayagraj,Men,Athletic Footwear,40,91,3640,1237.6,0.34,Outlet
Foot Locker,1185742,"Saturday, December 11, 2021",East,UP-East,Prayagraj,Women,Street Footwear,32,60,1920,768,0.4,Outlet
Foot Locker,1185742,"Sunday, December 12, 2021",East,UP-East,Prayagraj,Women,Athletic Footwear,32,53,1696,695.36,0.41,Outlet
Foot Locker,1185742,"Monday, December 13, 2021",East,UP-East,Prayagraj,Men,Apparel,36,41,1476,501.84,0.34,Outlet
Foot Locker,1185742,"Tuesday, December 14, 2021",East,UP-East,Prayagraj,Women,Apparel,48,79,3792,1175.52,0.31,Outlet
Foot Locker,1185742,"Wednesday, December 15, 2021",East,UP-East,Prayagraj,Men,Street Footwear,47,124,5828,3088.84,0.53,Outlet
Foot Locker,1185742,"Thursday, December 16, 2021",East,UP-East,Prayagraj,Men,Athletic Footwear,35,68,2380,761.6,0.32,Outlet
Foot Locker,1185742,"Friday, December 17, 2021",East,UP-East,Prayagraj,Women,Street Footwear,38,38,1444,548.72,0.38,Outlet
Foot Locker,1185742,"Saturday, December 18, 2021",East,UP-East,Prayagraj,Women,Athletic Footwear,40,34,1360,516.8,0.38,Outlet
Foot Locker,1185742,"Sunday, December 19, 2021",East,UP-East,Prayagraj,Men,Apparel,43,30,1290,425.7,0.33,Outlet
Foot Locker,1185742,"Monday, December 20, 2021",East,UP-East,Prayagraj,Women,Apparel,42,74,3108,994.56,0.32,Outlet
Foot Locker,1185742,"Tuesday, December 21, 2021",East,UP-East,Prayagraj,Men,Street Footwear,48,124,5952,3571.2,0.6,Outlet
Foot Locker,1185742,"Wednesday, December 22, 2021",East,UP-East,Prayagraj,Men,Athletic Footwear,43,68,2924,1228.08,0.42,Outlet
Foot Locker,1185742,"Thursday, December 23, 2021",East,UP-East,Prayagraj,Women,Street Footwear,47,66,3102,1364.88,0.44,Outlet
Foot Locker,1185742,"Friday, December 24, 2021",East,UP-East,Prayagraj,Women,Athletic Footwear,43,60,2580,1186.8,0.46,Outlet
Foot Locker,1185742,"Saturday, December 25, 2021",East,UP-East,Prayagraj,Men,Apparel,51,48,2448,954.72,0.39,Outlet
Foot Locker,1185742,"Sunday, December 26, 2021",East,UP-East,Prayagraj,Women,Apparel,53,75,3975,1431,0.36,Outlet
Foot Locker,1185742,"Monday, December 27, 2021",East,UP-East,Prayagraj,Men,Street Footwear,53,143,7579,4623.19,0.61,Outlet
Foot Locker,1185742,"Tuesday, December 28, 2021",East,UP-East,Prayagraj,Men,Athletic Footwear,47,85,3995,1637.95,0.41,Outlet
Foot Locker,1185742,"Wednesday, December 29, 2021",East,UP-East,Prayagraj,Women,Street Footwear,44,79,3476,1529.44,0.44,Outlet
Foot Locker,1185740,"Thursday, December 30, 2021",East,UP-East,Ayodhya,Women,Athletic Footwear,40,53,2120,954,0.45,Outlet
Foot Locker,1185740,"Friday, December 31, 2021",East,UP-East,Ayodhya,Men,Apparel,46,56,2576,1004.64,0.39,Outlet
Foot Locker,1185740,"Wednesday, January 1, 2020",East,UP-East,Ayodhya,Women,Apparel,53,83,4399,1407.68,0.32,Outlet
Foot Locker,1185740,"Tuesday, October 26, 2021",East,UP-East,Ayodhya,Men,Apparel,54,36,1944,874.8,0.45,Online
Foot Locker,1185740,"Wednesday, October 27, 2021",East,UP-East,Ayodhya,Women,Apparel,43,61,2623,1154.12,0.44,Online
Foot Locker,1185740,"Thursday, October 28, 2021",East,UP-East,Ayodhya,Men,Street Footwear,42,119,4998,3348.66,0.67,Online
Foot Locker,1185740,"Friday, October 29, 2021",East,UP-East,Ayodhya,Men,Athletic Footwear,44,35,1540,739.2,0.48,Online
Foot Locker,1185740,"Saturday, October 30, 2021",East,UP-East,Ayodhya,Women,Street Footwear,34,46,1564,813.28,0.52,Online
Foot Locker,1185740,"Sunday, October 31, 2021",East,UP-East,Ayodhya,Women,Athletic Footwear,39,13,507,263.64,0.52,Online
Foot Locker,1185740,"Monday, November 1, 2021",East,UP-East,Ayodhya,Men,Apparel,51,36,1836,844.56,0.46,Online
Foot Locker,1185740,"Tuesday, November 2, 2021",East,UP-East,Ayodhya,Women,Apparel,44,68,2992,1346.4,0.45,Online
Foot Locker,1185740,"Wednesday, November 3, 2021",East,UP-East,Ayodhya,Men,Street Footwear,49,120,5880,4116,0.7,Online
Foot Locker,1185740,"Thursday, November 4, 2021",East,UP-East,Ayodhya,Men,Athletic Footwear,47,38,1786,875.14,0.49,Online
Foot Locker,1185740,"Friday, November 5, 2021",East,UP-East,Ayodhya,Women,Street Footwear,36,51,1836,991.44,0.54,Online
Foot Locker,1185740,"Saturday, November 6, 2021",East,UP-East,Ayodhya,Women,Athletic Footwear,43,8,344,175.44,0.51,Online
Foot Locker,1185740,"Sunday, November 7, 2021",East,UP-East,Ayodhya,Men,Apparel,58,20,1160,464,0.4,Online
Foot Locker,1185740,"Monday, November 8, 2021",East,UP-East,Ayodhya,Women,Apparel,47,44,2068,723.8,0.35,Online
Foot Locker,1185740,"Tuesday, November 9, 2021",East,UP-East,Ayodhya,Men,Street Footwear,46,122,5612,3535.56,0.63,Online
Foot Locker,1185740,"Wednesday, November 10, 2021",East,UP-East,Ayodhya,Men,Athletic Footwear,45,45,2025,850.5,0.42,Online
Foot Locker,1185740,"Thursday, November 11, 2021",East,UP-East,Ayodhya,Women,Street Footwear,38,38,1444,664.24,0.46,Online
Foot Locker,1185740,"Friday, November 12, 2021",East,UP-East,Ayodhya,Women,Athletic Footwear,42,20,840,386.4,0.46,Online
Foot Locker,1185740,"Saturday, November 13, 2021",East,UP-East,Ayodhya,Men,Apparel,55,22,1210,508.2,0.42,Online
Foot Locker,1185740,"Sunday, November 14, 2021",East,UP-East,Ayodhya,Women,Apparel,48,54,2592,933.12,0.36,Online
Foot Locker,1185740,"Monday, November 15, 2021",East,UP-East,Ayodhya,Men,Street Footwear,58,136,7888,4969.44,0.63,Online
Foot Locker,1185740,"Tuesday, November 16, 2021",East,UP-East,Ayodhya,Men,Athletic Footwear,54,53,2862,1144.8,0.4,Online
Foot Locker,1185740,"Wednesday, November 17, 2021",East,UP-East,Ayodhya,Women,Street Footwear,52,42,2184,1004.64,0.46,Online
Foot Locker,1185740,"Thursday, November 18, 2021",East,UP-East,Ayodhya,Women,Athletic Footwear,51,29,1479,695.13,0.47,Online
Foot Locker,1185740,"Friday, November 19, 2021",East,UP-East,Ayodhya,Men,Apparel,59,31,1829,768.18,0.42,Online
Foot Locker,1185740,"Saturday, November 20, 2021",East,UP-East,Ayodhya,Women,Apparel,64,63,4032,1814.4,0.45,Online
Foot Locker,1185740,"Sunday, November 21, 2021",East,UP-East,Ayodhya,Men,Street Footwear,64,135,8640,5616,0.65,Online
Foot Locker,1185740,"Monday, November 22, 2021",East,UP-East,Ayodhya,Men,Athletic Footwear,59,70,4130,1899.8,0.46,Online
Foot Locker,1185740,"Tuesday, November 23, 2021",East,UP-East,Ayodhya,Women,Street Footwear,52,44,2288,1144,0.5,Online
Foot Locker,1185740,"Wednesday, November 24, 2021",East,UP-East,Ayodhya,Women,Athletic Footwear,52,39,2028,1074.84,0.53,Online
Foot Locker,1185740,"Thursday, November 25, 2021",East,UP-East,Ayodhya,Men,Apparel,60,45,2700,1242,0.46,Online
Foot Locker,1185740,"Friday, November 26, 2021",East,UP-East,Ayodhya,Women,Apparel,65,81,5265,2211.3,0.42,Online
Foot Locker,1185740,"Saturday, November 27, 2021",East,UP-East,Ayodhya,Men,Street Footwear,60,145,8700,5829,0.67,Online
Foot Locker,1185740,"Sunday, November 28, 2021",East,UP-East,Ayodhya,Men,Athletic Footwear,55,90,4950,2475,0.5,Online
Foot Locker,1185740,"Monday, November 29, 2021",East,UP-East,Ayodhya,Women,Street Footwear,51,59,3009,1504.5,0.5,Online
Foot Locker,1185740,"Tuesday, November 30, 2021",East,UP-East,Ayodhya,Women,Athletic Footwear,51,44,2244,1189.32,0.53,Online
Foot Locker,1185740,"Wednesday, December 1, 2021",East,UP-East,Ayodhya,Men,Apparel,64,60,3840,1843.2,0.48,Online
Foot Locker,1185740,"Thursday, December 2, 2021",East,UP-East,Ayodhya,Women,Apparel,64,98,6272,2634.24,0.42,Online
Foot Locker,1185740,"Friday, December 3, 2021",East,UP-East,Ayodhya,Men,Street Footwear,60,158,9480,6256.8,0.66,Online
Foot Locker,1185740,"Saturday, December 4, 2021",East,UP-East,Ayodhya,Men,Athletic Footwear,54,75,4050,1903.5,0.47,Online
Foot Locker,1185740,"Sunday, December 5, 2021",East,UP-East,Ayodhya,Women,Street Footwear,54,61,3294,1811.7,0.55,Online
Foot Locker,1185740,"Monday, December 6, 2021",East,UP-East,Ayodhya,Women,Athletic Footwear,53,58,3074,1659.96,0.54,Online
Foot Locker,1185740,"Tuesday, December 7, 2021",East,UP-East,Ayodhya,Men,Apparel,61,46,2806,1290.76,0.46,Online
Foot Locker,1185740,"Wednesday, December 8, 2021",East,UP-East,Ayodhya,Women,Apparel,64,95,6080,2614.4,0.43,Online
Foot Locker,1185740,"Thursday, December 9, 2021",East,UP-East,Ayodhya,Men,Street Footwear,62,143,8866,5319.6,0.6,Online
Foot Locker,1185740,"Friday, December 10, 2021",East,UP-East,Ayodhya,Men,Athletic Footwear,48,80,3840,1536,0.4,Online
Foot Locker,1185740,"Saturday, December 11, 2021",East,UP-East,Ayodhya,Women,Street Footwear,41,50,2050,922.5,0.45,Online
Foot Locker,1185740,"Sunday, December 12, 2021",East,UP-East,Ayodhya,Women,Athletic Footwear,41,53,2173,1021.31,0.47,Online
Foot Locker,1185740,"Monday, December 13, 2021",East,UP-East,Ayodhya,Men,Apparel,50,36,1800,810,0.45,Online
Foot Locker,1185740,"Tuesday, December 14, 2021",East,UP-East,Ayodhya,Women,Apparel,55,61,3355,1342,0.4,Online
Foot Locker,1185740,"Wednesday, December 15, 2021",East,UP-East,Ayodhya,Men,Street Footwear,55,104,5720,3546.4,0.62,Online
Foot Locker,1185740,"Thursday, December 16, 2021",East,UP-East,Ayodhya,Men,Athletic Footwear,47,63,2961,1243.62,0.42,Online
Foot Locker,1185740,"Friday, December 17, 2021",East,UP-East,Ayodhya,Women,Street Footwear,48,34,1632,734.4,0.45,Online
Foot Locker,1185740,"Saturday, December 18, 2021",East,UP-East,Ayodhya,Women,Athletic Footwear,48,29,1392,626.4,0.45,Online
Foot Locker,1185740,"Sunday, December 19, 2021",East,UP-East,Ayodhya,Men,Apparel,56,27,1512,650.16,0.43,Online
Foot Locker,1185740,"Monday, December 20, 2021",East,UP-East,Ayodhya,Women,Apparel,60,63,3780,1474.2,0.39,Online
Foot Locker,1185740,"Tuesday, December 21, 2021",East,UP-East,Ayodhya,Men,Street Footwear,66,113,7458,4847.7,0.65,Online
Foot Locker,1185740,"Wednesday, December 22, 2021",East,UP-East,Ayodhya,Men,Athletic Footwear,55,60,3300,1551,0.47,Online
Foot Locker,1185740,"Thursday, December 23, 2021",East,UP-East,Ayodhya,Women,Street Footwear,55,55,3025,1603.25,0.53,Online
Foot Locker,1185740,"Friday, December 24, 2021",East,UP-East,Ayodhya,Women,Athletic Footwear,56,44,2464,1256.64,0.51,Online
Foot Locker,1185740,"Saturday, December 25, 2021",East,UP-East,Ayodhya,Men,Apparel,64,42,2688,1290.24,0.48,Online
Foot Locker,1185740,"Sunday, December 26, 2021",East,UP-East,Ayodhya,Women,Apparel,71,65,4615,2030.6,0.44,Online
Foot Locker,1185740,"Monday, December 27, 2021",East,UP-East,Ayodhya,Men,Street Footwear,67,124,8308,5732.52,0.69,Online
Foot Locker,1185740,"Tuesday, December 28, 2021",East,UP-East,Ayodhya,Men,Athletic Footwear,55,69,3795,1707.75,0.45,Online
Foot Locker,1185740,"Wednesday, December 29, 2021",East,UP-East,Ayodhya,Women,Street Footwear,55,65,3575,1894.75,0.53,Online
Foot Locker,1185740,"Thursday, December 30, 2021",East,UP-East,Ayodhya,Women,Athletic Footwear,57,53,3021,1601.13,0.53,Online
Foot Locker,1185740,"Friday, December 31, 2021",East,UP-East,Ayodhya,Men,Apparel,63,47,2961,1362.06,0.46,Online
Foot Locker,1185740,"Wednesday, January 1, 2020",East,UP-East,Ayodhya,Women,Apparel,68,83,5644,2426.92,0.43,Online
Foot Locker,1185744,"Monday, February 8, 2021",West,Rajisthan,Jaipur,Women,Athletic Footwear,30,50,15000,6000,0.4,In-store
Foot Locker,1185744,"Monday, February 8, 2021",West,Rajisthan,Jaipur,Men,Apparel,45,125,56250,16875,0.3,In-store
Foot Locker,1185744,"Monday, February 8, 2021",West,Rajisthan,Jaipur,Women,Apparel,35,225,78750,31500,0.4,In-store
Foot Locker,1185744,"Saturday, March 6, 2021",West,Rajisthan,Jaipur,Men,Street Footwear,35,445,155750,54512.5,0.35,In-store
Foot Locker,1185744,"Saturday, March 6, 2021",West,Rajisthan,Jaipur,Men,Athletic Footwear,35,150,52500,18375,0.35,In-store
Foot Locker,1185744,"Saturday, March 6, 2021",West,Rajisthan,Jaipur,Women,Street Footwear,25,175,43750,17500,0.4,In-store
Foot Locker,1185744,"Saturday, March 6, 2021",West,Rajisthan,Jaipur,Women,Athletic Footwear,30,25,7500,3000,0.4,In-store
Foot Locker,1185744,"Saturday, March 6, 2021",West,Rajisthan,Jaipur,Men,Apparel,45,75,33750,10125,0.3,In-store
Foot Locker,1185744,"Saturday, March 6, 2021",West,Rajisthan,Jaipur,Women,Apparel,35,175,61250,24500,0.4,In-store
Foot Locker,1185744,"Wednesday, April 7, 2021",West,Rajisthan,Jaipur,Men,Street Footwear,35,425,148750,52062.5,0.35,In-store
Foot Locker,1185744,"Wednesday, April 7, 2021",West,Rajisthan,Jaipur,Men,Athletic Footwear,35,125,43750,15312.5,0.35,In-store
Foot Locker,1185744,"Wednesday, April 7, 2021",West,Rajisthan,Jaipur,Women,Street Footwear,25,125,31250,12500,0.4,In-store
Foot Locker,1185744,"Wednesday, April 7, 2021",West,Rajisthan,Jaipur,Women,Athletic Footwear,30,50,15000,6000,0.4,In-store
Foot Locker,1185744,"Wednesday, April 7, 2021",West,Rajisthan,Jaipur,Men,Apparel,45,50,22500,6750,0.3,In-store
Foot Locker,1185744,"Wednesday, April 7, 2021",West,Rajisthan,Jaipur,Women,Apparel,35,200,70000,28000,0.4,In-store
Foot Locker,1185744,"Thursday, May 6, 2021",West,Rajisthan,Jaipur,Men,Street Footwear,50,470,235000,82250,0.35,In-store
Foot Locker,1185744,"Thursday, May 6, 2021",West,Rajisthan,Jaipur,Men,Athletic Footwear,45,175,78750,27562.5,0.35,In-store
Foot Locker,1185744,"Thursday, May 6, 2021",West,Rajisthan,Jaipur,Women,Street Footwear,40,200,80000,32000,0.4,In-store
Foot Locker,1185744,"Thursday, May 6, 2021",West,Rajisthan,Jaipur,Women,Athletic Footwear,40,150,60000,24000,0.4,In-store
Foot Locker,1185744,"Thursday, May 6, 2021",West,Rajisthan,Jaipur,Men,Apparel,50,175,87500,26250,0.3,In-store
Foot Locker,1185744,"Thursday, May 6, 2021",West,Rajisthan,Jaipur,Women,Apparel,55,300,165000,66000,0.4,In-store
Foot Locker,1185744,"Tuesday, June 8, 2021",West,Rajisthan,Jaipur,Men,Street Footwear,50,550,275000,96250,0.35,In-store
Foot Locker,1185744,"Tuesday, June 8, 2021",West,Rajisthan,Jaipur,Men,Athletic Footwear,45,300,135000,47250,0.35,In-store
Foot Locker,1185744,"Tuesday, June 8, 2021",West,Rajisthan,Jaipur,Women,Street Footwear,40,225,90000,36000,0.4,In-store
Foot Locker,1185744,"Tuesday, June 8, 2021",West,Rajisthan,Jaipur,Women,Athletic Footwear,40,200,80000,32000,0.4,In-store
Foot Locker,1185744,"Tuesday, June 8, 2021",West,Rajisthan,Jaipur,Men,Apparel,50,200,100000,30000,0.3,In-store
Foot Locker,1185744,"Tuesday, June 8, 2021",West,Rajisthan,Jaipur,Women,Apparel,55,350,192500,77000,0.4,In-store
Foot Locker,1185744,"Tuesday, July 6, 2021",West,Rajisthan,Jaipur,Men,Street Footwear,50,575,287500,100625,0.35,In-store
Foot Locker,1185744,"Tuesday, July 6, 2021",West,Rajisthan,Jaipur,Men,Athletic Footwear,45,325,146250,51187.5,0.35,In-store
Foot Locker,1185744,"Tuesday, July 6, 2021",West,Rajisthan,Jaipur,Women,Street Footwear,40,250,100000,40000,0.4,In-store
Foot Locker,1185744,"Tuesday, July 6, 2021",West,Rajisthan,Jaipur,Women,Athletic Footwear,40,200,80000,32000,0.4,In-store
Foot Locker,1185744,"Tuesday, July 6, 2021",West,Rajisthan,Jaipur,Men,Apparel,50,225,112500,33750,0.3,In-store
Foot Locker,1185744,"Tuesday, July 6, 2021",West,Rajisthan,Jaipur,Women,Apparel,55,400,220000,88000,0.4,In-store
Foot Locker,1185744,"Saturday, August 7, 2021",West,Rajisthan,Jaipur,Men,Street Footwear,50,550,275000,96250,0.35,In-store
Foot Locker,1185744,"Saturday, August 7, 2021",West,Rajisthan,Jaipur,Men,Athletic Footwear,45,325,146250,51187.5,0.35,In-store
Foot Locker,1185744,"Saturday, August 7, 2021",West,Rajisthan,Jaipur,Women,Street Footwear,40,250,100000,40000,0.4,In-store
Foot Locker,1185744,"Saturday, August 7, 2021",West,Rajisthan,Jaipur,Women,Athletic Footwear,40,150,60000,24000,0.4,In-store
Foot Locker,1185744,"Saturday, August 7, 2021",West,Rajisthan,Jaipur,Men,Apparel,50,125,62500,18750,0.3,In-store
Foot Locker,1185744,"Saturday, August 7, 2021",West,Rajisthan,Jaipur,Women,Apparel,55,300,165000,66000,0.4,In-store
Foot Locker,1185744,"Monday, September 6, 2021",West,Rajisthan,Jaipur,Men,Street Footwear,50,425,212500,74375,0.35,In-store
Foot Locker,1185744,"Monday, September 6, 2021",West,Rajisthan,Jaipur,Men,Athletic Footwear,45,225,101250,35437.5,0.35,In-store
Foot Locker,1185744,"Monday, September 6, 2021",West,Rajisthan,Jaipur,Women,Street Footwear,40,125,50000,20000,0.4,In-store
Foot Locker,1185744,"Monday, September 6, 2021",West,Rajisthan,Jaipur,Women,Athletic Footwear,40,100,40000,16000,0.4,In-store
Foot Locker,1185744,"Monday, September 6, 2021",West,Rajisthan,Jaipur,Men,Apparel,50,100,50000,15000,0.3,In-store
Foot Locker,1185744,"Monday, September 6, 2021",West,Rajisthan,Jaipur,Women,Apparel,55,200,110000,44000,0.4,In-store
Foot Locker,1185744,"Friday, October 8, 2021",West,Rajisthan,Jaipur,Men,Street Footwear,55,375,206250,72187.5,0.35,In-store
Foot Locker,1185744,"Friday, October 8, 2021",West,Rajisthan,Jaipur,Men,Athletic Footwear,50,200,100000,35000,0.35,In-store
Foot Locker,1185744,"Friday, October 8, 2021",West,Rajisthan,Jaipur,Women,Street Footwear,50,100,50000,20000,0.4,In-store
Foot Locker,1185744,"Friday, October 8, 2021",West,Rajisthan,Jaipur,Women,Athletic Footwear,50,75,37500,15000,0.4,In-store
Foot Locker,1185744,"Friday, October 8, 2021",West,Rajisthan,Jaipur,Men,Apparel,60,75,45000,13500,0.3,In-store
Foot Locker,1185744,"Monday, February 8, 2021",West,Rajisthan,Jaipur,Women,Athletic Footwear,29,13,377,203.58,0.54,Online
Foot Locker,1185744,"Monday, February 8, 2021",West,Rajisthan,Jaipur,Men,Apparel,41,35,1435,588.35,0.41,Online
Foot Locker,1185744,"Monday, February 8, 2021",West,Rajisthan,Jaipur,Women,Apparel,33,65,2145,1136.85,0.53,Online
Foot Locker,1185744,"Saturday, March 6, 2021",West,Rajisthan,Jaipur,Men,Street Footwear,34,111,3774,1887,0.5,Online
Foot Locker,1185744,"Saturday, March 6, 2021",West,Rajisthan,Jaipur,Men,Athletic Footwear,34,44,1496,673.2,0.45,Online
Foot Locker,1185744,"Saturday, March 6, 2021",West,Rajisthan,Jaipur,Women,Street Footwear,23,51,1173,609.96,0.52,Online
Foot Locker,1185744,"Saturday, March 6, 2021",West,Rajisthan,Jaipur,Women,Athletic Footwear,29,8,232,116,0.5,Online
Foot Locker,1185744,"Saturday, March 6, 2021",West,Rajisthan,Jaipur,Men,Apparel,44,20,880,396,0.45,Online
Foot Locker,1185744,"Saturday, March 6, 2021",West,Rajisthan,Jaipur,Women,Apparel,32,51,1632,881.28,0.54,Online
Foot Locker,1185744,"Wednesday, April 7, 2021",West,Rajisthan,Jaipur,Men,Street Footwear,32,111,3552,1740.48,0.49,Online
Foot Locker,1185744,"Wednesday, April 7, 2021",West,Rajisthan,Jaipur,Men,Athletic Footwear,32,33,1056,528,0.5,Online
Foot Locker,1185744,"Wednesday, April 7, 2021",West,Rajisthan,Jaipur,Women,Street Footwear,24,36,864,449.28,0.52,Online
Foot Locker,1185745,"Wednesday, April 7, 2021",West,Rajisthan,Jodhpur,Women,Athletic Footwear,29,13,377,199.81,0.53,Online
Foot Locker,1185745,"Wednesday, April 7, 2021",West,Rajisthan,Jodhpur,Men,Apparel,44,15,660,264,0.4,Online
Foot Locker,1185745,"Wednesday, April 7, 2021",West,Rajisthan,Jodhpur,Women,Apparel,33,50,1650,858,0.52,Online
Foot Locker,1185745,"Thursday, May 6, 2021",West,Rajisthan,Jodhpur,Men,Street Footwear,49,122,5978,2989,0.5,Online
Foot Locker,1185745,"Thursday, May 6, 2021",West,Rajisthan,Jodhpur,Men,Athletic Footwear,43,49,2107,948.15,0.45,Online
Foot Locker,1185745,"Thursday, May 6, 2021",West,Rajisthan,Jodhpur,Women,Street Footwear,39,60,2340,1263.6,0.54,Online
Foot Locker,1185745,"Thursday, May 6, 2021",West,Rajisthan,Jodhpur,Women,Athletic Footwear,39,44,1716,892.32,0.52,Online
Foot Locker,1185745,"Thursday, May 6, 2021",West,Rajisthan,Jodhpur,Men,Apparel,49,46,2254,901.6,0.4,Online
Foot Locker,1185745,"Thursday, May 6, 2021",West,Rajisthan,Jodhpur,Women,Apparel,52,81,4212,2232.36,0.53,Online
Foot Locker,1185745,"Tuesday, June 8, 2021",West,Rajisthan,Jodhpur,Men,Street Footwear,47,138,6486,2918.7,0.45,Online
Foot Locker,1185745,"Tuesday, June 8, 2021",West,Rajisthan,Jodhpur,Men,Athletic Footwear,41,90,3690,1808.1,0.49,Online
Foot Locker,1185745,"Tuesday, June 8, 2021",West,Rajisthan,Jodhpur,Women,Street Footwear,39,65,2535,1394.25,0.55,Online
Foot Locker,1185745,"Tuesday, June 8, 2021",West,Rajisthan,Jodhpur,Women,Athletic Footwear,39,60,2340,1263.6,0.54,Online
Foot Locker,1185745,"Tuesday, June 8, 2021",West,Rajisthan,Jodhpur,Men,Apparel,48,58,2784,1141.44,0.41,Online
Foot Locker,1185745,"Tuesday, June 8, 2021",West,Rajisthan,Jodhpur,Women,Apparel,51,88,4488,2288.88,0.51,Online
Foot Locker,1185745,"Tuesday, July 6, 2021",West,Rajisthan,Jodhpur,Men,Street Footwear,46,167,7682,3456.9,0.45,Online
Foot Locker,1185745,"Tuesday, July 6, 2021",West,Rajisthan,Jodhpur,Men,Athletic Footwear,41,81,3321,1660.5,0.5,Online
Foot Locker,1185745,"Tuesday, July 6, 2021",West,Rajisthan,Jodhpur,Women,Street Footwear,37,65,2405,1250.6,0.52,Online
Foot Locker,1185745,"Tuesday, July 6, 2021",West,Rajisthan,Jodhpur,Women,Athletic Footwear,37,58,2146,1115.92,0.52,Online
Foot Locker,1185745,"Tuesday, July 6, 2021",West,Rajisthan,Jodhpur,Men,Apparel,47,63,2961,1184.4,0.4,Online
Foot Locker,1185745,"Tuesday, July 6, 2021",West,Rajisthan,Jodhpur,Women,Apparel,50,116,5800,2900,0.5,Online
Foot Locker,1185745,"Saturday, August 7, 2021",West,Rajisthan,Jodhpur,Men,Street Footwear,46,143,6578,3157.44,0.48,Online
Foot Locker,1185745,"Saturday, August 7, 2021",West,Rajisthan,Jodhpur,Men,Athletic Footwear,42,91,3822,1796.34,0.47,Online
Foot Locker,1185745,"Saturday, August 7, 2021",West,Rajisthan,Jodhpur,Women,Street Footwear,38,75,2850,1567.5,0.55,Online
Foot Locker,1185745,"Saturday, August 7, 2021",West,Rajisthan,Jodhpur,Women,Athletic Footwear,37,39,1443,764.79,0.53,Online
Foot Locker,1185745,"Saturday, August 7, 2021",West,Rajisthan,Jodhpur,Men,Apparel,45,31,1395,558,0.4,Online
Foot Locker,1185745,"Saturday, August 7, 2021",West,Rajisthan,Jodhpur,Women,Apparel,52,87,4524,2442.96,0.54,Online
Foot Locker,1185745,"Monday, September 6, 2021",West,Rajisthan,Jodhpur,Men,Street Footwear,45,111,4995,2247.75,0.45,Online
Foot Locker,1185745,"Monday, September 6, 2021",West,Rajisthan,Jodhpur,Men,Athletic Footwear,43,56,2408,1155.84,0.48,Online
Foot Locker,1185745,"Monday, September 6, 2021",West,Rajisthan,Jodhpur,Women,Street Footwear,36,38,1368,697.68,0.51,Online
Foot Locker,1185745,"Monday, September 6, 2021",West,Rajisthan,Jodhpur,Women,Athletic Footwear,39,27,1053,568.62,0.54,Online
Foot Locker,1185745,"Monday, September 6, 2021",West,Rajisthan,Jodhpur,Men,Apparel,47,27,1269,520.29,0.41,Online
Foot Locker,1185745,"Monday, September 6, 2021",West,Rajisthan,Jodhpur,Women,Apparel,52,58,3016,1538.16,0.51,Online
Foot Locker,1185745,"Friday, October 8, 2021",West,Rajisthan,Jodhpur,Men,Street Footwear,53,94,4982,2491,0.5,Online
Foot Locker,1185745,"Friday, October 8, 2021",West,Rajisthan,Jodhpur,Men,Athletic Footwear,46,56,2576,1262.24,0.49,Online
Foot Locker,1185745,"Friday, October 8, 2021",West,Rajisthan,Jodhpur,Women,Street Footwear,45,29,1305,678.6,0.52,Online
Foot Locker,1185745,"Friday, October 8, 2021",West,Rajisthan,Jodhpur,Women,Athletic Footwear,47,23,1081,540.5,0.5,Online
Foot Locker,1185745,"Friday, October 8, 2021",West,Rajisthan,Jodhpur,Men,Apparel,55,19,1045,418,0.4,Online
Foot Locker,1185745,"Monday, February 8, 2021",West,Rajisthan,Jodhpur,Women,Athletic Footwear,20,16,320,144,0.45,Outlet
Foot Locker,1185745,"Monday, February 8, 2021",West,Rajisthan,Jodhpur,Men,Apparel,34,40,1360,489.6,0.36,Outlet
Foot Locker,1185745,"Monday, February 8, 2021",West,Rajisthan,Jodhpur,Women,Apparel,27,77,2079,977.13,0.47,Outlet
Foot Locker,1185745,"Saturday, March 6, 2021",West,Rajisthan,Jodhpur,Men,Street Footwear,26,156,4056,1500.72,0.37,Outlet
Foot Locker,1185745,"Saturday, March 6, 2021",West,Rajisthan,Jodhpur,Men,Athletic Footwear,27,45,1215,473.85,0.39,Outlet
Foot Locker,1185745,"Saturday, March 6, 2021",West,Rajisthan,Jodhpur,Women,Street Footwear,17,56,952,447.44,0.47,Outlet
Foot Locker,1185745,"Saturday, March 6, 2021",West,Rajisthan,Jodhpur,Women,Athletic Footwear,20,8,160,75.2,0.47,Outlet
Foot Locker,1185745,"Saturday, March 6, 2021",West,Rajisthan,Jodhpur,Men,Apparel,33,25,825,297,0.36,Outlet
Foot Locker,1185745,"Saturday, March 6, 2021",West,Rajisthan,Jodhpur,Women,Apparel,25,58,1450,638,0.44,Outlet
Foot Locker,1185745,"Wednesday, April 7, 2021",West,Rajisthan,Jodhpur,Men,Street Footwear,28,132,3696,1552.32,0.42,Outlet
Foot Locker,1185745,"Wednesday, April 7, 2021",West,Rajisthan,Jodhpur,Men,Athletic Footwear,23,40,920,368,0.4,Outlet
Foot Locker,1185743,"Wednesday, April 7, 2021",West,Rajisthan,Bikaner,Women,Street Footwear,16,44,704,295.68,0.42,Outlet
Foot Locker,1185743,"Wednesday, April 7, 2021",West,Rajisthan,Bikaner,Women,Athletic Footwear,21,17,357,160.65,0.45,Outlet
Foot Locker,1185743,"Wednesday, April 7, 2021",West,Rajisthan,Bikaner,Men,Apparel,33,15,495,158.4,0.32,Outlet
Foot Locker,1185743,"Wednesday, April 7, 2021",West,Rajisthan,Bikaner,Women,Apparel,26,60,1560,686.4,0.44,Outlet
Foot Locker,1185743,"Thursday, May 6, 2021",West,Rajisthan,Bikaner,Men,Street Footwear,39,150,5850,2398.5,0.41,Outlet
Foot Locker,1185743,"Thursday, May 6, 2021",West,Rajisthan,Bikaner,Men,Athletic Footwear,32,58,1856,686.72,0.37,Outlet
Foot Locker,1185743,"Thursday, May 6, 2021",West,Rajisthan,Bikaner,Women,Street Footwear,32,60,1920,806.4,0.42,Outlet
Foot Locker,1185743,"Thursday, May 6, 2021",West,Rajisthan,Bikaner,Women,Athletic Footwear,27,51,1377,633.42,0.46,Outlet
Foot Locker,1185743,"Thursday, May 6, 2021",West,Rajisthan,Bikaner,Men,Apparel,40,54,2160,799.2,0.37,Outlet
Foot Locker,1185743,"Thursday, May 6, 2021",West,Rajisthan,Bikaner,Women,Apparel,36,93,3348,1473.12,0.44,Outlet
Foot Locker,1185743,"Tuesday, June 8, 2021",West,Rajisthan,Bikaner,Men,Street Footwear,36,176,6336,2534.4,0.4,Outlet
Foot Locker,1185743,"Tuesday, June 8, 2021",West,Rajisthan,Bikaner,Men,Athletic Footwear,35,105,3675,1433.25,0.39,Outlet
Foot Locker,1185743,"Tuesday, June 8, 2021",West,Rajisthan,Bikaner,Women,Street Footwear,32,74,2368,994.56,0.42,Outlet
Foot Locker,1185743,"Tuesday, June 8, 2021",West,Rajisthan,Bikaner,Women,Athletic Footwear,26,70,1820,837.2,0.46,Outlet
Foot Locker,1185743,"Tuesday, June 8, 2021",West,Rajisthan,Bikaner,Men,Apparel,39,66,2574,900.9,0.35,Outlet
Foot Locker,1185743,"Tuesday, June 8, 2021",West,Rajisthan,Bikaner,Women,Apparel,43,119,5117,2302.65,0.45,Outlet
Foot Locker,1185743,"Tuesday, July 6, 2021",West,Rajisthan,Bikaner,Men,Street Footwear,38,173,6574,2498.12,0.38,Outlet
Foot Locker,1185743,"Tuesday, July 6, 2021",West,Rajisthan,Bikaner,Men,Athletic Footwear,32,114,3648,1349.76,0.37,Outlet
Foot Locker,1185743,"Tuesday, July 6, 2021",West,Rajisthan,Bikaner,Women,Street Footwear,27,78,2106,947.7,0.45,Outlet
Foot Locker,1185743,"Tuesday, July 6, 2021",West,Rajisthan,Bikaner,Women,Athletic Footwear,31,60,1860,855.6,0.46,Outlet
Foot Locker,1185743,"Tuesday, July 6, 2021",West,Rajisthan,Bikaner,Men,Apparel,33,68,2244,762.96,0.34,Outlet
Foot Locker,1185743,"Tuesday, July 6, 2021",West,Rajisthan,Bikaner,Women,Apparel,38,136,5168,2170.56,0.42,Outlet
Foot Locker,1185743,"Saturday, August 7, 2021",West,Rajisthan,Bikaner,Men,Street Footwear,38,182,6916,2835.56,0.41,Outlet
Foot Locker,1185743,"Saturday, August 7, 2021",West,Rajisthan,Bikaner,Men,Athletic Footwear,31,111,3441,1307.58,0.38,Outlet
Foot Locker,1185743,"Saturday, August 7, 2021",West,Rajisthan,Bikaner,Women,Street Footwear,30,85,2550,1096.5,0.43,Outlet
Foot Locker,1185743,"Saturday, August 7, 2021",West,Rajisthan,Bikaner,Women,Athletic Footwear,29,47,1363,586.09,0.43,Outlet
Foot Locker,1185743,"Saturday, August 7, 2021",West,Rajisthan,Bikaner,Men,Apparel,37,40,1480,532.8,0.36,Outlet
Foot Locker,1185743,"Saturday, August 7, 2021",West,Rajisthan,Bikaner,Women,Apparel,38,96,3648,1714.56,0.47,Outlet
Foot Locker,1185743,"Monday, September 6, 2021",West,Rajisthan,Bikaner,Men,Street Footwear,39,128,4992,2096.64,0.42,Outlet
Foot Locker,1185743,"Monday, September 6, 2021",West,Rajisthan,Bikaner,Men,Athletic Footwear,30,79,2370,876.9,0.37,Outlet
Foot Locker,1185743,"Monday, September 6, 2021",West,Rajisthan,Bikaner,Women,Street Footwear,29,39,1131,486.33,0.43,Outlet
Foot Locker,1185743,"Monday, September 6, 2021",West,Rajisthan,Bikaner,Women,Athletic Footwear,30,32,960,441.6,0.46,Outlet
Foot Locker,1185743,"Monday, September 6, 2021",West,Rajisthan,Bikaner,Men,Apparel,34,33,1122,403.92,0.36,Outlet
Foot Locker,1185743,"Monday, September 6, 2021",West,Rajisthan,Bikaner,Women,Apparel,41,64,2624,1180.8,0.45,Outlet
Foot Locker,1185743,"Friday, October 8, 2021",West,Rajisthan,Bikaner,Men,Street Footwear,37,113,4181,1714.21,0.41,Outlet
Foot Locker,1185743,"Friday, October 8, 2021",West,Rajisthan,Bikaner,Men,Athletic Footwear,38,68,2584,981.92,0.38,Outlet
Foot Locker,1185743,"Friday, October 8, 2021",West,Rajisthan,Bikaner,Women,Street Footwear,40,30,1200,528,0.44,Outlet
Foot Locker,1185743,"Friday, October 8, 2021",West,Rajisthan,Bikaner,Women,Athletic Footwear,39,23,897,403.65,0.45,Outlet
Foot Locker,1185743,"Friday, October 8, 2021",West,Rajisthan,Bikaner,Men,Apparel,40,23,920,303.6,0.33,Outlet
Foot Locker,1185739,"Wednesday, January 1, 2020",West,Maharashtra,Mumbai,Men,Street Footwear,50,1200,600000,300000,0.5,In-store
Foot Locker,1185739,"Thursday, January 2, 2020",West,Maharashtra,Mumbai,Men,Athletic Footwear,50,1000,500000,150000,0.3,In-store
Foot Locker,1185739,"Friday, January 3, 2020",West,Maharashtra,Mumbai,Women,Street Footwear,40,1000,400000,140000,0.35,In-store
Foot Locker,1185739,"Saturday, January 4, 2020",West,Maharashtra,Mumbai,Women,Athletic Footwear,45,850,382500,133875,0.35,In-store
Foot Locker,1185739,"Sunday, January 5, 2020",West,Maharashtra,Mumbai,Men,Apparel,60,900,540000,162000,0.3,In-store
Foot Locker,1185739,"Monday, January 6, 2020",West,Maharashtra,Mumbai,Women,Apparel,50,1000,500000,125000,0.25,In-store
Foot Locker,1185739,"Tuesday, January 7, 2020",West,Maharashtra,Mumbai,Men,Street Footwear,50,1250,625000,312500,0.5,In-store
Foot Locker,1185739,"Wednesday, January 1, 2020",West,Maharashtra,Mumbai,Men,Street Footwear,47,336,15792,9633.12,0.61,Online
Foot Locker,1185739,"Thursday, January 2, 2020",West,Maharashtra,Mumbai,Men,Athletic Footwear,47,260,12220,5132.4,0.42,Online
Foot Locker,1185739,"Friday, January 3, 2020",West,Maharashtra,Mumbai,Women,Street Footwear,36,250,9000,4140,0.46,Online
Foot Locker,1185739,"Saturday, January 4, 2020",West,Maharashtra,Mumbai,Women,Athletic Footwear,41,247,10127,4658.42,0.46,Online
Foot Locker,1185739,"Sunday, January 5, 2020",West,Maharashtra,Mumbai,Men,Apparel,55,234,12870,5148,0.4,Online
Foot Locker,1185739,"Monday, January 6, 2020",West,Maharashtra,Mumbai,Women,Apparel,46,260,11960,4425.2,0.37,Online
Foot Locker,1185739,"Tuesday, January 7, 2020",West,Maharashtra,Mumbai,Men,Street Footwear,46,313,14398,8926.76,0.62,Online
Foot Locker,1185739,"Wednesday, January 8, 2020",West,Maharashtra,Mumbai,Men,Athletic Footwear,46,261,12006,5282.64,0.44,Online
Foot Locker,1185739,"Tuesday, January 21, 2020",West,Maharashtra,Mumbai,Women,Street Footwear,36,276,9936,4669.92,0.47,Online
Foot Locker,1185739,"Wednesday, January 22, 2020",West,Maharashtra,Mumbai,Women,Athletic Footwear,44,206,9064,4441.36,0.49,Online
Foot Locker,1185739,"Thursday, January 23, 2020",West,Maharashtra,Mumbai,Men,Apparel,58,243,14094,6060.42,0.43,Online
Foot Locker,1185739,"Friday, January 24, 2020",West,Maharashtra,Mumbai,Women,Apparel,48,290,13920,5289.6,0.38,Online
Foot Locker,1185739,"Saturday, January 25, 2020",West,Maharashtra,Mumbai,Men,Street Footwear,46,354,16284,10258.92,0.63,Online
Foot Locker,1185739,"Sunday, January 26, 2020",West,Maharashtra,Mumbai,Men,Athletic Footwear,48,259,12432,5345.76,0.43,Online
Foot Locker,1185739,"Monday, January 27, 2020",West,Maharashtra,Mumbai,Women,Street Footwear,39,247,9633,4720.17,0.49,Online
Foot Locker,1185739,"Tuesday, January 28, 2020",West,Maharashtra,Mumbai,Women,Athletic Footwear,43,216,9288,4644,0.5,Online
Foot Locker,1185739,"Wednesday, January 29, 2020",West,Maharashtra,Mumbai,Men,Apparel,59,230,13570,5699.4,0.42,Online
Foot Locker,1185739,"Thursday, January 30, 2020",West,Maharashtra,Mumbai,Women,Apparel,45,238,10710,3748.5,0.35,Online
Foot Locker,1185739,"Friday, January 31, 2020",West,Maharashtra,Mumbai,Men,Street Footwear,45,300,13500,8370,0.62,Online
Foot Locker,1185739,"Saturday, February 1, 2020",West,Maharashtra,Mumbai,Men,Athletic Footwear,47,234,10998,4509.18,0.41,Online
Foot Locker,1185739,"Sunday, February 2, 2020",West,Maharashtra,Mumbai,Women,Street Footwear,39,252,9828,4914,0.5,Online
Foot Locker,1185739,"Monday, February 3, 2020",West,Maharashtra,Mumbai,Women,Athletic Footwear,41,239,9799,4801.51,0.49,Online
Foot Locker,1185739,"Tuesday, February 4, 2020",West,Maharashtra,Mumbai,Men,Apparel,56,215,12040,5056.8,0.42,Online
Foot Locker,1185739,"Wednesday, February 5, 2020",West,Maharashtra,Mumbai,Women,Apparel,49,238,11662,4314.94,0.37,Online
Foot Locker,1185739,"Thursday, February 6, 2020",West,Maharashtra,Mumbai,Men,Street Footwear,54,317,17118,10955.52,0.64,Online
Foot Locker,1185739,"Friday, February 7, 2020",West,Maharashtra,Mumbai,Men,Athletic Footwear,50,259,12950,5180,0.4,Online
Foot Locker,1185739,"Saturday, February 8, 2020",West,Maharashtra,Mumbai,Women,Street Footwear,46,261,12006,5642.82,0.47,Online
Foot Locker,1185739,"Sunday, February 9, 2020",West,Maharashtra,Mumbai,Women,Athletic Footwear,46,230,10580,5078.4,0.48,Online
Foot Locker,1185739,"Monday, February 10, 2020",West,Maharashtra,Mumbai,Men,Apparel,59,245,14455,6504.75,0.45,Online
Foot Locker,1185739,"Tuesday, March 3, 2020",West,Maharashtra,Mumbai,Women,Apparel,59,290,17110,6159.6,0.36,Online
Foot Locker,1185739,"Wednesday, March 4, 2020",West,Maharashtra,Mumbai,Men,Street Footwear,55,313,17215,10501.15,0.61,Online
Foot Locker,1185739,"Thursday, March 5, 2020",West,Maharashtra,Mumbai,Men,Athletic Footwear,54,270,14580,5977.8,0.41,Online
Foot Locker,1185739,"Friday, March 6, 2020",West,Maharashtra,Mumbai,Women,Street Footwear,46,278,12788,6138.24,0.48,Online
Foot Locker,1185739,"Saturday, March 7, 2020",West,Maharashtra,Mumbai,Women,Athletic Footwear,47,261,12267,5520.15,0.45,Online
Foot Locker,1185739,"Sunday, March 8, 2020",West,Maharashtra,Mumbai,Men,Apparel,55,252,13860,6237,0.45,Online
Foot Locker,1185739,"Monday, March 9, 2020",West,Maharashtra,Mumbai,Women,Apparel,64,305,19520,7612.8,0.39,Online
Foot Locker,1185739,"Tuesday, March 10, 2020",West,Maharashtra,Mumbai,Men,Street Footwear,59,319,18821,11292.6,0.6,Online
Foot Locker,1185739,"Wednesday, March 11, 2020",West,Maharashtra,Mumbai,Men,Athletic Footwear,53,267,14151,5943.42,0.42,Online
Foot Locker,1185739,"Thursday, March 12, 2020",West,Maharashtra,Mumbai,Women,Street Footwear,46,247,11362,5112.9,0.45,Online
Foot Locker,1185739,"Friday, March 13, 2020",West,Maharashtra,Mumbai,Women,Athletic Footwear,46,243,11178,5141.88,0.46,Online
Foot Locker,1185739,"Saturday, March 14, 2020",West,Maharashtra,Mumbai,Men,Apparel,58,231,13398,5761.14,0.43,Online
Foot Locker,1185739,"Sunday, March 15, 2020",West,Maharashtra,Mumbai,Women,Apparel,61,286,17446,6978.4,0.4,Online
Foot Locker,1185739,"Monday, March 16, 2020",West,Maharashtra,Mumbai,Men,Street Footwear,58,325,18850,11498.5,0.61,Online
Foot Locker,1185739,"Tuesday, March 17, 2020",West,Maharashtra,Mumbai,Men,Athletic Footwear,53,308,16324,6692.84,0.41,Online
Foot Locker,1185739,"Wednesday, March 18, 2020",West,Maharashtra,Mumbai,Women,Street Footwear,45,257,11565,5319.9,0.46,Online
Foot Locker,1185739,"Tuesday, March 31, 2020",West,Maharashtra,Mumbai,Women,Athletic Footwear,47,241,11327,5323.69,0.47,Online
Foot Locker,1185739,"Wednesday, January 8, 2020",West,Maharashtra,Mumbai,Men,Athletic Footwear,50,900,450000,135000,0.3,Outlet
Foot Locker,1185739,"Tuesday, January 21, 2020",West,Maharashtra,Mumbai,Women,Street Footwear,40,950,380000,133000,0.35,Outlet
Foot Locker,1185739,"Wednesday, January 22, 2020",West,Maharashtra,Mumbai,Women,Athletic Footwear,45,825,371250,129937.5,0.35,Outlet
Foot Locker,1185739,"Thursday, January 23, 2020",West,Maharashtra,Mumbai,Men,Apparel,60,900,540000,162000,0.3,Outlet
Foot Locker,1185739,"Friday, January 24, 2020",West,Maharashtra,Mumbai,Women,Apparel,50,1000,500000,125000,0.25,Outlet
Foot Locker,1185739,"Saturday, January 25, 2020",West,Maharashtra,Mumbai,Men,Street Footwear,50,1220,610000,305000,0.5,Outlet
Foot Locker,1185739,"Sunday, January 26, 2020",West,Maharashtra,Mumbai,Men,Athletic Footwear,50,925,462500,138750,0.3,Outlet
Foot Locker,1185739,"Monday, January 27, 2020",West,Maharashtra,Mumbai,Women,Street Footwear,40,950,380000,133000,0.35,Outlet
Foot Locker,1185739,"Tuesday, January 28, 2020",West,Maharashtra,Mumbai,Women,Athletic Footwear,45,800,360000,126000,0.35,Outlet
Foot Locker,1185739,"Wednesday, January 29, 2020",West,Maharashtra,Mumbai,Men,Apparel,60,850,510000,153000,0.3,Outlet
Foot Locker,1185739,"Thursday, January 30, 2020",West,Maharashtra,Mumbai,Women,Apparel,50,950,475000,118750,0.25,Outlet
Foot Locker,1185739,"Friday, January 31, 2020",West,Maharashtra,Mumbai,Men,Street Footwear,50,1200,600000,300000,0.5,Outlet
Foot Locker,1185739,"Saturday, February 1, 2020",West,Maharashtra,Mumbai,Men,Athletic Footwear,50,900,450000,135000,0.3,Outlet
Foot Locker,1185739,"Sunday, February 2, 2020",West,Maharashtra,Mumbai,Women,Street Footwear,40,900,360000,126000,0.35,Outlet
Foot Locker,1185739,"Monday, February 3, 2020",West,Maharashtra,Mumbai,Women,Athletic Footwear,45,825,371250,129937.5,0.35,Outlet
Foot Locker,1185739,"Tuesday, February 4, 2020",West,Maharashtra,Mumbai,Men,Apparel,60,825,495000,148500,0.3,Outlet
Foot Locker,1185739,"Wednesday, February 5, 2020",West,Maharashtra,Mumbai,Women,Apparel,50,950,475000,118750,0.25,Outlet
Foot Locker,1185739,"Thursday, February 6, 2020",West,Maharashtra,Mumbai,Men,Street Footwear,60,1220,732000,366000,0.5,Outlet
Foot Locker,1185739,"Friday, February 7, 2020",West,Maharashtra,Mumbai,Men,Athletic Footwear,55,925,508750,152625,0.3,Outlet
Foot Locker,1185739,"Saturday, February 8, 2020",West,Maharashtra,Mumbai,Women,Street Footwear,50,900,450000,157500,0.35,Outlet
Foot Locker,1185739,"Sunday, February 9, 2020",West,Maharashtra,Mumbai,Women,Athletic Footwear,50,850,425000,148750,0.35,Outlet
Foot Locker,1185739,"Monday, February 10, 2020",West,Maharashtra,Mumbai,Men,Apparel,60,875,525000,157500,0.3,Outlet
Foot Locker,1185739,"Tuesday, March 3, 2020",West,Maharashtra,Mumbai,Women,Apparel,65,1000,650000,162500,0.25,Outlet
Foot Locker,1185739,"Wednesday, March 4, 2020",West,Maharashtra,Mumbai,Men,Street Footwear,60,1250,750000,375000,0.5,Outlet
Foot Locker,1185739,"Thursday, March 5, 2020",West,Maharashtra,Mumbai,Men,Athletic Footwear,55,1000,550000,165000,0.3,Outlet
Foot Locker,1185739,"Friday, March 6, 2020",West,Maharashtra,Mumbai,Women,Street Footwear,50,925,462500,161875,0.35,Outlet
Foot Locker,1185739,"Saturday, March 7, 2020",West,Maharashtra,Mumbai,Women,Athletic Footwear,50,900,450000,157500,0.35,Outlet
Foot Locker,1185739,"Sunday, March 8, 2020",West,Maharashtra,Mumbai,Men,Apparel,60,900,540000,162000,0.3,Outlet
Foot Locker,1185739,"Monday, March 9, 2020",West,Maharashtra,Mumbai,Women,Apparel,65,1050,682500,170625,0.25,Outlet
Foot Locker,1185739,"Tuesday, March 10, 2020",West,Maharashtra,Mumbai,Men,Street Footwear,60,1275,765000,382500,0.5,Outlet
Foot Locker,1185739,"Wednesday, March 11, 2020",West,Maharashtra,Mumbai,Men,Athletic Footwear,55,1025,563750,169125,0.3,Outlet
Foot Locker,1185739,"Thursday, March 12, 2020",West,Maharashtra,Mumbai,Women,Street Footwear,50,950,475000,166250,0.35,Outlet
Foot Locker,1185739,"Friday, March 13, 2020",West,Maharashtra,Mumbai,Women,Athletic Footwear,50,900,450000,157500,0.35,Outlet
Foot Locker,1185739,"Saturday, March 14, 2020",West,Maharashtra,Mumbai,Men,Apparel,60,925,555000,166500,0.3,Outlet
Foot Locker,1185739,"Sunday, March 15, 2020",West,Maharashtra,Mumbai,Women,Apparel,65,1100,715000,178750,0.25,Outlet
Foot Locker,1185739,"Monday, March 16, 2020",West,Maharashtra,Mumbai,Men,Street Footwear,60,1250,750000,375000,0.5,Outlet
Foot Locker,1185739,"Tuesday, March 17, 2020",West,Maharashtra,Mumbai,Men,Athletic Footwear,55,1025,563750,169125,0.3,Outlet
Foot Locker,1185739,"Wednesday, March 18, 2020",West,Maharashtra,Mumbai,Women,Street Footwear,50,950,475000,166250,0.35,Outlet
Foot Locker,1185739,"Tuesday, March 31, 2020",West,Maharashtra,Mumbai,Women,Athletic Footwear,50,925,462500,161875,0.35,Outlet
Foot Locker,1185739,"Wednesday, January 1, 2020",West,Maharashtra,Mumbai,Men,Street Footwear,34,384,13056,6789.12,0.52,Outlet
Foot Locker,1185739,"Thursday, January 2, 2020",West,Maharashtra,Mumbai,Men,Athletic Footwear,36,320,11520,4032,0.35,Outlet
Foot Locker,1185739,"Friday, January 3, 2020",West,Maharashtra,Mumbai,Women,Street Footwear,32,350,11200,4144,0.37,Outlet
Foot Locker,1185739,"Saturday, January 4, 2020",West,Maharashtra,Mumbai,Women,Athletic Footwear,36,281,10116,3742.92,0.37,Outlet
Foot Locker,1185739,"Sunday, January 5, 2020",West,Maharashtra,Mumbai,Men,Apparel,43,306,13158,4868.46,0.37,Outlet
Foot Locker,1185739,"Monday, January 6, 2020",West,Maharashtra,Mumbai,Women,Apparel,38,330,12540,4012.8,0.32,Outlet
Foot Locker,1185739,"Tuesday, January 7, 2020",West,Maharashtra,Mumbai,Men,Street Footwear,33,388,12804,6658.08,0.52,Outlet
Foot Locker,1185739,"Wednesday, January 8, 2020",West,Maharashtra,Mumbai,Men,Athletic Footwear,39,315,12285,4054.05,0.33,Outlet
Foot Locker,1185739,"Tuesday, January 21, 2020",West,Maharashtra,Mumbai,Women,Street Footwear,32,323,10336,3927.68,0.38,Outlet
Foot Locker,1185739,"Wednesday, January 22, 2020",West,Maharashtra,Mumbai,Women,Athletic Footwear,32,248,7936,3015.68,0.38,Outlet
Foot Locker,1185739,"Thursday, January 23, 2020",West,Maharashtra,Mumbai,Men,Apparel,43,306,13158,4605.3,0.35,Outlet
Foot Locker,1185739,"Friday, January 24, 2020",West,Maharashtra,Mumbai,Women,Apparel,36,350,12600,3654,0.29,Outlet
Foot Locker,1185739,"Saturday, January 25, 2020",West,Maharashtra,Mumbai,Men,Street Footwear,40,390,15600,8112,0.52,Outlet
Foot Locker,1185739,"Sunday, January 26, 2020",West,Maharashtra,Mumbai,Men,Athletic Footwear,35,315,11025,3969,0.36,Outlet
Foot Locker,1185739,"Monday, January 27, 2020",West,Maharashtra,Mumbai,Women,Street Footwear,27,314,8478,3475.98,0.41,Outlet
Foot Locker,1185739,"Tuesday, January 28, 2020",West,Maharashtra,Mumbai,Women,Athletic Footwear,31,240,7440,2976,0.4,Outlet
Foot Locker,1185739,"Wednesday, January 29, 2020",West,Maharashtra,Mumbai,Men,Apparel,43,289,12427,3976.64,0.32,Outlet
Foot Locker,1185739,"Thursday, January 30, 2020",West,Maharashtra,Mumbai,Women,Apparel,36,323,11628,3139.56,0.27,Outlet
Foot Locker,1185739,"Friday, January 31, 2020",West,Maharashtra,Mumbai,Men,Street Footwear,33,372,12276,6629.04,0.54,Outlet
Foot Locker,1185739,"Saturday, February 1, 2020",West,Maharashtra,Mumbai,Men,Athletic Footwear,35,315,11025,3638.25,0.33,Outlet
Foot Locker,1185739,"Sunday, February 2, 2020",West,Maharashtra,Mumbai,Women,Street Footwear,28,315,8820,3351.6,0.38,Outlet
Foot Locker,1185739,"Monday, February 3, 2020",West,Maharashtra,Mumbai,Women,Athletic Footwear,31,289,8959,3314.83,0.37,Outlet
Foot Locker,1185739,"Tuesday, February 4, 2020",West,Maharashtra,Mumbai,Men,Apparel,44,281,12364,4451.04,0.36,Outlet
Foot Locker,1185739,"Wednesday, February 5, 2020",West,Maharashtra,Mumbai,Women,Apparel,39,333,12987,3506.49,0.27,Outlet
Foot Locker,1185739,"Thursday, February 6, 2020",West,Maharashtra,Mumbai,Men,Street Footwear,44,366,16104,8374.08,0.52,Outlet
Foot Locker,1185739,"Friday, February 7, 2020",West,Maharashtra,Mumbai,Men,Athletic Footwear,37,296,10952,3833.2,0.35,Outlet
Foot Locker,1185739,"Saturday, February 8, 2020",West,Maharashtra,Mumbai,Women,Street Footwear,36,288,10368,4354.56,0.42,Outlet
Foot Locker,1185739,"Sunday, February 9, 2020",West,Maharashtra,Mumbai,Women,Athletic Footwear,33,289,9537,3814.8,0.4,Outlet
Foot Locker,1185739,"Monday, February 10, 2020",West,Maharashtra,Mumbai,Men,Apparel,47,280,13160,4606,0.35,Outlet
Foot Locker,1185739,"Tuesday, March 3, 2020",West,Maharashtra,Mumbai,Women,Apparel,44,320,14080,4083.2,0.29,Outlet
Foot Locker,1185739,"Wednesday, March 4, 2020",West,Maharashtra,Mumbai,Men,Street Footwear,47,400,18800,9776,0.52,Outlet
Foot Locker,1185739,"Thursday, March 5, 2020",West,Maharashtra,Mumbai,Men,Athletic Footwear,41,340,13940,4739.6,0.34,Outlet
Foot Locker,1185739,"Friday, March 6, 2020",West,Maharashtra,Mumbai,Women,Street Footwear,37,296,10952,4490.32,0.41,Outlet
Foot Locker,1185739,"Saturday, March 7, 2020",West,Maharashtra,Mumbai,Women,Athletic Footwear,38,297,11286,4288.68,0.38,Outlet
Foot Locker,1185739,"Sunday, March 8, 2020",West,Maharashtra,Mumbai,Men,Apparel,45,288,12960,4406.4,0.34,Outlet
Foot Locker,1185739,"Monday, March 9, 2020",West,Maharashtra,Mumbai,Women,Apparel,46,347,15962,5107.84,0.32,Outlet
Foot Locker,1185739,"Tuesday, March 10, 2020",West,Maharashtra,Mumbai,Men,Street Footwear,44,434,19096,9929.92,0.52,Outlet
Foot Locker,1185739,"Wednesday, March 11, 2020",West,Maharashtra,Mumbai,Men,Athletic Footwear,41,318,13038,4824.06,0.37,Outlet
Foot Locker,1185739,"Thursday, March 12, 2020",West,Maharashtra,Mumbai,Women,Street Footwear,35,295,10325,4336.5,0.42,Outlet
Foot Locker,1185739,"Friday, March 13, 2020",West,Maharashtra,Mumbai,Women,Athletic Footwear,35,270,9450,3496.5,0.37,Outlet
Foot Locker,1185739,"Saturday, March 14, 2020",West,Maharashtra,Mumbai,Men,Apparel,46,278,12788,4347.92,0.34,Outlet
Foot Locker,1185739,"Sunday, March 15, 2020",West,Maharashtra,Mumbai,Women,Apparel,47,352,16544,4466.88,0.27,Outlet
Foot Locker,1185739,"Monday, March 16, 2020",West,Maharashtra,Mumbai,Men,Street Footwear,41,375,15375,7995,0.52,Outlet
Foot Locker,1185739,"Tuesday, March 17, 2020",West,Maharashtra,Mumbai,Men,Athletic Footwear,37,359,13283,4516.22,0.34,Outlet
Foot Locker,1185739,"Wednesday, March 18, 2020",West,Maharashtra,Mumbai,Women,Street Footwear,37,314,11618,4298.66,0.37,Outlet
Foot Locker,1185739,"Tuesday, March 31, 2020",West,Maharashtra,Mumbai,Women,Athletic Footwear,40,324,12960,5184,0.4,Outlet
Foot Locker,1185732,"Monday, February 15, 2021",North,Delhi-NCR,New Delhi,Women,Athletic Footwear,35,150,52500,21000,0.4,In-store
Foot Locker,1185732,"Monday, February 15, 2021",North,Delhi-NCR,New Delhi,Men,Apparel,50,225,112500,33750,0.3,In-store
Foot Locker,1185732,"Monday, February 15, 2021",North,Delhi-NCR,New Delhi,Women,Apparel,40,325,130000,52000,0.4,In-store
Foot Locker,1185732,"Saturday, March 13, 2021",North,Delhi-NCR,New Delhi,Men,Street Footwear,40,545,218000,76300,0.35,In-store
Foot Locker,1185732,"Saturday, March 13, 2021",North,Delhi-NCR,New Delhi,Men,Athletic Footwear,40,250,100000,35000,0.35,In-store
Foot Locker,1185732,"Saturday, March 13, 2021",North,Delhi-NCR,New Delhi,Women,Street Footwear,30,275,82500,33000,0.4,In-store
Foot Locker,1185732,"Saturday, March 13, 2021",North,Delhi-NCR,New Delhi,Women,Athletic Footwear,35,125,43750,17500,0.4,In-store
Foot Locker,1185732,"Saturday, March 13, 2021",North,Delhi-NCR,New Delhi,Men,Apparel,50,175,87500,26250,0.3,In-store
Foot Locker,1185732,"Saturday, March 13, 2021",North,Delhi-NCR,New Delhi,Women,Apparel,40,275,110000,44000,0.4,In-store
Foot Locker,1185732,"Wednesday, April 14, 2021",North,Delhi-NCR,New Delhi,Men,Street Footwear,40,525,210000,73500,0.35,In-store
Foot Locker,1185732,"Wednesday, April 14, 2021",North,Delhi-NCR,New Delhi,Men,Athletic Footwear,40,225,90000,31500,0.35,In-store
Foot Locker,1185732,"Wednesday, April 14, 2021",North,Delhi-NCR,New Delhi,Women,Street Footwear,30,225,67500,27000,0.4,In-store
Foot Locker,1185732,"Wednesday, April 14, 2021",North,Delhi-NCR,New Delhi,Women,Athletic Footwear,35,150,52500,21000,0.4,In-store
Foot Locker,1185732,"Wednesday, April 14, 2021",North,Delhi-NCR,New Delhi,Men,Apparel,50,150,75000,22500,0.3,In-store
Foot Locker,1185732,"Wednesday, April 14, 2021",North,Delhi-NCR,New Delhi,Women,Apparel,40,300,120000,48000,0.4,In-store
Foot Locker,1185732,"Thursday, May 13, 2021",North,Delhi-NCR,New Delhi,Men,Street Footwear,55,570,313500,109725,0.35,In-store
Foot Locker,1185732,"Thursday, May 13, 2021",North,Delhi-NCR,New Delhi,Men,Athletic Footwear,50,275,137500,48125,0.35,In-store
Foot Locker,1185732,"Thursday, May 13, 2021",North,Delhi-NCR,New Delhi,Women,Street Footwear,45,300,135000,54000,0.4,In-store
Foot Locker,1185733,"Thursday, May 13, 2021",North,Delhi-NCR,Ghaziabad,Women,Athletic Footwear,45,250,112500,45000,0.4,In-store
Foot Locker,1185733,"Thursday, May 13, 2021",North,Delhi-NCR,Ghaziabad,Men,Apparel,55,275,151250,45375,0.3,In-store
Foot Locker,1185733,"Thursday, May 13, 2021",North,Delhi-NCR,Ghaziabad,Women,Apparel,60,400,240000,96000,0.4,In-store
Foot Locker,1185733,"Tuesday, June 15, 2021",North,Delhi-NCR,Ghaziabad,Men,Street Footwear,55,650,357500,125125,0.35,In-store
Foot Locker,1185733,"Tuesday, June 15, 2021",North,Delhi-NCR,Ghaziabad,Men,Athletic Footwear,50,400,200000,70000,0.35,In-store
Foot Locker,1185733,"Tuesday, June 15, 2021",North,Delhi-NCR,Ghaziabad,Women,Street Footwear,45,325,146250,58500,0.4,In-store
Foot Locker,1185733,"Tuesday, June 15, 2021",North,Delhi-NCR,Ghaziabad,Women,Athletic Footwear,45,300,135000,54000,0.4,In-store
Foot Locker,1185733,"Tuesday, June 15, 2021",North,Delhi-NCR,Ghaziabad,Men,Apparel,55,300,165000,49500,0.3,In-store
Foot Locker,1185733,"Tuesday, June 15, 2021",North,Delhi-NCR,Ghaziabad,Women,Apparel,60,450,270000,108000,0.4,In-store
Foot Locker,1185733,"Tuesday, July 13, 2021",North,Delhi-NCR,Ghaziabad,Men,Street Footwear,55,675,371250,129937.5,0.35,In-store
Foot Locker,1185733,"Tuesday, July 13, 2021",North,Delhi-NCR,Ghaziabad,Men,Athletic Footwear,50,425,212500,74375,0.35,In-store
Foot Locker,1185733,"Tuesday, July 13, 2021",North,Delhi-NCR,Ghaziabad,Women,Street Footwear,45,350,157500,63000,0.4,In-store
Foot Locker,1185733,"Tuesday, July 13, 2021",North,Delhi-NCR,Ghaziabad,Women,Athletic Footwear,45,300,135000,54000,0.4,In-store
Foot Locker,1185733,"Tuesday, July 13, 2021",North,Delhi-NCR,Ghaziabad,Men,Apparel,55,325,178750,53625,0.3,In-store
Foot Locker,1185733,"Tuesday, July 13, 2021",North,Delhi-NCR,Ghaziabad,Women,Apparel,60,500,300000,120000,0.4,In-store
Foot Locker,1185733,"Saturday, August 14, 2021",North,Delhi-NCR,Ghaziabad,Men,Street Footwear,55,650,357500,125125,0.35,In-store
Foot Locker,1185733,"Saturday, August 14, 2021",North,Delhi-NCR,Ghaziabad,Men,Athletic Footwear,50,425,212500,74375,0.35,In-store
Foot Locker,1185733,"Saturday, August 14, 2021",North,Delhi-NCR,Ghaziabad,Women,Street Footwear,45,350,157500,63000,0.4,In-store
Foot Locker,1185733,"Saturday, August 14, 2021",North,Delhi-NCR,Ghaziabad,Women,Athletic Footwear,45,250,112500,45000,0.4,In-store
Foot Locker,1185733,"Saturday, August 14, 2021",North,Delhi-NCR,Ghaziabad,Men,Apparel,55,225,123750,37125,0.3,In-store
Foot Locker,1185733,"Saturday, August 14, 2021",North,Delhi-NCR,Ghaziabad,Women,Apparel,60,400,240000,96000,0.4,In-store
Foot Locker,1185733,"Monday, September 13, 2021",North,Delhi-NCR,Ghaziabad,Men,Street Footwear,55,525,288750,101062.5,0.35,In-store
Foot Locker,1185733,"Monday, September 13, 2021",North,Delhi-NCR,Ghaziabad,Men,Athletic Footwear,50,325,162500,56875,0.35,In-store
Foot Locker,1185733,"Monday, September 13, 2021",North,Delhi-NCR,Ghaziabad,Women,Street Footwear,45,225,101250,40500,0.4,In-store
Foot Locker,1185733,"Monday, September 13, 2021",North,Delhi-NCR,Ghaziabad,Women,Athletic Footwear,45,200,90000,36000,0.4,In-store
Foot Locker,1185733,"Monday, September 13, 2021",North,Delhi-NCR,Ghaziabad,Men,Apparel,55,200,110000,33000,0.3,In-store
Foot Locker,1185733,"Monday, September 13, 2021",North,Delhi-NCR,Ghaziabad,Women,Apparel,60,300,180000,72000,0.4,In-store
Foot Locker,1185733,"Friday, October 15, 2021",North,Delhi-NCR,Ghaziabad,Men,Street Footwear,60,475,285000,99750,0.35,In-store
Foot Locker,1185733,"Friday, October 15, 2021",North,Delhi-NCR,Ghaziabad,Men,Athletic Footwear,55,300,165000,57750,0.35,In-store
Foot Locker,1185733,"Friday, October 15, 2021",North,Delhi-NCR,Ghaziabad,Women,Street Footwear,55,200,110000,44000,0.4,In-store
Foot Locker,1185733,"Friday, October 15, 2021",North,Delhi-NCR,Ghaziabad,Women,Athletic Footwear,55,175,96250,38500,0.4,In-store
Foot Locker,1185733,"Friday, October 15, 2021",North,Delhi-NCR,Ghaziabad,Men,Apparel,65,175,113750,34125,0.3,In-store
Foot Locker,1185734,"Monday, February 15, 2021",North,Delhi-NCR,Gurugram,Women,Athletic Footwear,33,45,1485,816.75,0.55,Online
Foot Locker,1185734,"Monday, February 15, 2021",North,Delhi-NCR,Gurugram,Men,Apparel,45,65,2925,1199.25,0.41,Online
Foot Locker,1185734,"Monday, February 15, 2021",North,Delhi-NCR,Gurugram,Women,Apparel,39,98,3822,2025.66,0.53,Online
Foot Locker,1185734,"Saturday, March 13, 2021",North,Delhi-NCR,Gurugram,Men,Street Footwear,36,158,5688,2616.48,0.46,Online
Foot Locker,1185734,"Saturday, March 13, 2021",North,Delhi-NCR,Gurugram,Men,Athletic Footwear,39,68,2652,1193.4,0.45,Online
Foot Locker,1185734,"Saturday, March 13, 2021",North,Delhi-NCR,Gurugram,Women,Street Footwear,29,69,2001,1080.54,0.54,Online
Foot Locker,1185734,"Saturday, March 13, 2021",North,Delhi-NCR,Gurugram,Women,Athletic Footwear,32,31,992,525.76,0.53,Online
Foot Locker,1185734,"Saturday, March 13, 2021",North,Delhi-NCR,Gurugram,Men,Apparel,46,49,2254,924.14,0.41,Online
Foot Locker,1185734,"Saturday, March 13, 2021",North,Delhi-NCR,Gurugram,Women,Apparel,39,72,2808,1404,0.5,Online
Foot Locker,1185734,"Wednesday, April 14, 2021",North,Delhi-NCR,Gurugram,Men,Street Footwear,36,131,4716,2358,0.5,Online
Foot Locker,1185734,"Wednesday, April 14, 2021",North,Delhi-NCR,Gurugram,Men,Athletic Footwear,38,61,2318,1089.46,0.47,Online
Foot Locker,1185734,"Wednesday, April 14, 2021",North,Delhi-NCR,Gurugram,Women,Street Footwear,27,59,1593,876.15,0.55,Online
Foot Locker,1185734,"Wednesday, April 14, 2021",North,Delhi-NCR,Gurugram,Women,Athletic Footwear,32,44,1408,718.08,0.51,Online
Foot Locker,1185734,"Wednesday, April 14, 2021",North,Delhi-NCR,Gurugram,Men,Apparel,47,45,2115,951.75,0.45,Online
Foot Locker,1185734,"Wednesday, April 14, 2021",North,Delhi-NCR,Gurugram,Women,Apparel,38,78,2964,1600.56,0.54,Online
Foot Locker,1185734,"Thursday, May 13, 2021",North,Delhi-NCR,Gurugram,Men,Street Footwear,51,160,8160,3916.8,0.48,Online
Foot Locker,1185734,"Thursday, May 13, 2021",North,Delhi-NCR,Gurugram,Men,Athletic Footwear,47,69,3243,1459.35,0.45,Online
Foot Locker,1185734,"Thursday, May 13, 2021",North,Delhi-NCR,Gurugram,Women,Street Footwear,41,81,3321,1726.92,0.52,Online
Foot Locker,1185734,"Thursday, May 13, 2021",North,Delhi-NCR,Gurugram,Women,Athletic Footwear,41,65,2665,1385.8,0.52,Online
Foot Locker,1185734,"Thursday, May 13, 2021",North,Delhi-NCR,Gurugram,Men,Apparel,50,74,3700,1554,0.42,Online
Foot Locker,1185734,"Thursday, May 13, 2021",North,Delhi-NCR,Gurugram,Women,Apparel,54,104,5616,3088.8,0.55,Online
Foot Locker,1185734,"Tuesday, June 15, 2021",North,Delhi-NCR,Gurugram,Men,Street Footwear,51,189,9639,4433.94,0.46,Online
Foot Locker,1185734,"Tuesday, June 15, 2021",North,Delhi-NCR,Gurugram,Men,Athletic Footwear,48,120,5760,2592,0.45,Online
Foot Locker,1185734,"Tuesday, June 15, 2021",North,Delhi-NCR,Gurugram,Women,Street Footwear,43,85,3655,1937.15,0.53,Online
Foot Locker,1185734,"Tuesday, June 15, 2021",North,Delhi-NCR,Gurugram,Women,Athletic Footwear,41,75,3075,1691.25,0.55,Online
Foot Locker,1185734,"Tuesday, June 15, 2021",North,Delhi-NCR,Gurugram,Men,Apparel,50,75,3750,1500,0.4,Online
Foot Locker,1185734,"Tuesday, June 15, 2021",North,Delhi-NCR,Gurugram,Women,Apparel,56,135,7560,4006.8,0.53,Online
Foot Locker,1185734,"Tuesday, July 13, 2021",North,Delhi-NCR,Gurugram,Men,Street Footwear,53,182,9646,4823,0.5,Online
Foot Locker,1185734,"Tuesday, July 13, 2021",North,Delhi-NCR,Gurugram,Men,Athletic Footwear,47,119,5593,2516.85,0.45,Online
Foot Locker,1185734,"Tuesday, July 13, 2021",North,Delhi-NCR,Gurugram,Women,Street Footwear,41,102,4182,2258.28,0.54,Online
Foot Locker,1185734,"Tuesday, July 13, 2021",North,Delhi-NCR,Gurugram,Women,Athletic Footwear,43,90,3870,2051.1,0.53,Online
Foot Locker,1185734,"Tuesday, July 13, 2021",North,Delhi-NCR,Gurugram,Men,Apparel,51,94,4794,1965.54,0.41,Online
Foot Locker,1185734,"Tuesday, July 13, 2021",North,Delhi-NCR,Gurugram,Women,Apparel,55,145,7975,3987.5,0.5,Online
Foot Locker,1185734,"Saturday, August 14, 2021",North,Delhi-NCR,Gurugram,Men,Street Footwear,50,163,8150,3993.5,0.49,Online
Foot Locker,1185734,"Saturday, August 14, 2021",North,Delhi-NCR,Gurugram,Men,Athletic Footwear,47,128,6016,2767.36,0.46,Online
Foot Locker,1185734,"Saturday, August 14, 2021",North,Delhi-NCR,Gurugram,Women,Street Footwear,42,105,4410,2205,0.5,Online
Foot Locker,1185734,"Saturday, August 14, 2021",North,Delhi-NCR,Gurugram,Women,Athletic Footwear,41,63,2583,1291.5,0.5,Online
Foot Locker,1185734,"Saturday, August 14, 2021",North,Delhi-NCR,Gurugram,Men,Apparel,50,63,3150,1417.5,0.45,Online
Foot Locker,1185734,"Saturday, August 14, 2021",North,Delhi-NCR,Gurugram,Women,Apparel,59,120,7080,3681.6,0.52,Online
Foot Locker,1185734,"Monday, September 13, 2021",North,Delhi-NCR,Gurugram,Men,Street Footwear,50,142,7100,3479,0.49,Online
Foot Locker,1185734,"Monday, September 13, 2021",North,Delhi-NCR,Gurugram,Men,Athletic Footwear,47,85,3995,1797.75,0.45,Online
Foot Locker,1185734,"Monday, September 13, 2021",North,Delhi-NCR,Gurugram,Women,Street Footwear,43,61,2623,1337.73,0.51,Online
Foot Locker,1185734,"Monday, September 13, 2021",North,Delhi-NCR,Gurugram,Women,Athletic Footwear,41,60,2460,1254.6,0.51,Online
Foot Locker,1185734,"Monday, September 13, 2021",North,Delhi-NCR,Gurugram,Men,Apparel,50,60,3000,1320,0.44,Online
Foot Locker,1185734,"Monday, September 13, 2021",North,Delhi-NCR,Gurugram,Women,Apparel,58,84,4872,2630.88,0.54,Online
Foot Locker,1185734,"Friday, October 15, 2021",North,Delhi-NCR,Gurugram,Men,Street Footwear,56,128,7168,3225.6,0.45,Online
Foot Locker,1185734,"Friday, October 15, 2021",North,Delhi-NCR,Gurugram,Men,Athletic Footwear,51,90,4590,2111.4,0.46,Online
Foot Locker,1185734,"Friday, October 15, 2021",North,Delhi-NCR,Gurugram,Women,Street Footwear,50,52,2600,1430,0.55,Online
Foot Locker,1185734,"Friday, October 15, 2021",North,Delhi-NCR,Gurugram,Women,Athletic Footwear,52,44,2288,1144,0.5,Online
Foot Locker,1185734,"Friday, October 15, 2021",North,Delhi-NCR,Gurugram,Men,Apparel,62,49,3038,1215.2,0.4,Online
Foot Locker,1185738,"Tuesday, October 19, 2021",South,Tamil Nadu,Chennai,Men,Street Footwear,70,475,332500,133000,0.4,Outlet
Foot Locker,1185738,"Tuesday, October 19, 2021",South,Tamil Nadu,Chennai,Men,Athletic Footwear,65,300,195000,78000,0.4,Outlet
Foot Locker,1185738,"Tuesday, October 19, 2021",South,Tamil Nadu,Chennai,Women,Street Footwear,65,200,130000,39000,0.3,Outlet
Foot Locker,1185738,"Tuesday, October 19, 2021",South,Tamil Nadu,Chennai,Women,Athletic Footwear,65,175,113750,34125,0.3,Outlet
Foot Locker,1185738,"Tuesday, October 19, 2021",South,Tamil Nadu,Chennai,Men,Apparel,75,175,131250,39375,0.3,Outlet
Foot Locker,1185738,"Tuesday, October 19, 2021",South,Tamil Nadu,Chennai,Women,Apparel,80,300,240000,84000,0.35,Outlet
Foot Locker,1185738,"Thursday, November 18, 2021",South,Tamil Nadu,Chennai,Men,Street Footwear,75,450,337500,135000,0.4,Outlet
Foot Locker,1185738,"Thursday, November 18, 2021",South,Tamil Nadu,Chennai,Men,Athletic Footwear,65,325,211250,84500,0.4,Outlet
Foot Locker,1185738,"Thursday, November 18, 2021",South,Tamil Nadu,Chennai,Women,Street Footwear,65,345,224250,67275,0.3,Outlet
Foot Locker,1185738,"Thursday, November 18, 2021",South,Tamil Nadu,Chennai,Women,Athletic Footwear,65,325,211250,63375,0.3,Outlet
Foot Locker,1185738,"Thursday, November 18, 2021",South,Tamil Nadu,Chennai,Men,Apparel,75,300,225000,67500,0.3,Outlet
Foot Locker,1185738,"Thursday, November 18, 2021",South,Tamil Nadu,Chennai,Women,Apparel,80,400,320000,112000,0.35,Outlet
Foot Locker,1185738,"Friday, December 17, 2021",South,Tamil Nadu,Chennai,Men,Street Footwear,75,625,468750,187500,0.4,Outlet
Foot Locker,1185738,"Friday, December 17, 2021",South,Tamil Nadu,Chennai,Men,Athletic Footwear,65,425,276250,110500,0.4,Outlet
Foot Locker,1185738,"Friday, December 17, 2021",South,Tamil Nadu,Chennai,Women,Street Footwear,65,400,260000,78000,0.3,Outlet
Foot Locker,1185738,"Friday, December 17, 2021",South,Tamil Nadu,Chennai,Women,Athletic Footwear,65,350,227500,68250,0.3,Outlet
Foot Locker,1185738,"Friday, December 17, 2021",South,Tamil Nadu,Chennai,Men,Apparel,75,350,262500,78750,0.3,Outlet
Foot Locker,1185738,"Friday, December 17, 2021",South,Tamil Nadu,Chennai,Women,Apparel,80,450,360000,126000,0.35,Outlet
Foot Locker,1185738,"Sunday, January 24, 2021",South,Tamil Nadu,Chennai,Men,Street Footwear,55,500,275000,96250,0.35,Outlet
Foot Locker,1185738,"Sunday, January 24, 2021",South,Tamil Nadu,Chennai,Men,Athletic Footwear,55,300,165000,57750,0.35,Outlet
Foot Locker,1185738,"Sunday, January 24, 2021",South,Tamil Nadu,Chennai,Women,Street Footwear,45,300,135000,33750,0.25,Outlet
Foot Locker,1185738,"Sunday, January 24, 2021",South,Tamil Nadu,Chennai,Women,Athletic Footwear,50,150,75000,18750,0.25,Outlet
Foot Locker,1185738,"Sunday, January 24, 2021",South,Tamil Nadu,Chennai,Men,Apparel,65,200,130000,32500,0.25,Outlet
Foot Locker,1185738,"Sunday, January 24, 2021",South,Tamil Nadu,Chennai,Women,Apparel,55,300,165000,49500,0.3,Outlet
Foot Locker,1185738,"Monday, February 22, 2021",South,Tamil Nadu,Chennai,Men,Street Footwear,55,575,316250,110687.5,0.35,Outlet
Foot Locker,1185738,"Monday, February 22, 2021",South,Tamil Nadu,Chennai,Men,Athletic Footwear,55,225,123750,43312.5,0.35,Outlet
Foot Locker,1185738,"Monday, February 22, 2021",South,Tamil Nadu,Chennai,Women,Street Footwear,45,275,123750,30937.5,0.25,Outlet
Foot Locker,1185738,"Tuesday, October 19, 2021",South,Tamil Nadu,Chennai,Men,Street Footwear,64,119,7616,4036.48,0.53,Online
Foot Locker,1185738,"Tuesday, October 19, 2021",South,Tamil Nadu,Chennai,Men,Athletic Footwear,62,84,5208,2760.24,0.53,Online
Foot Locker,1185738,"Tuesday, October 19, 2021",South,Tamil Nadu,Chennai,Women,Street Footwear,59,54,3186,1401.84,0.44,Online
Foot Locker,1185738,"Tuesday, October 19, 2021",South,Tamil Nadu,Chennai,Women,Athletic Footwear,62,47,2914,1253.02,0.43,Online
Foot Locker,1185738,"Tuesday, October 19, 2021",South,Tamil Nadu,Chennai,Men,Apparel,71,46,3266,1404.38,0.43,Online
Foot Locker,1185738,"Tuesday, October 19, 2021",South,Tamil Nadu,Chennai,Women,Apparel,72,81,5832,2799.36,0.48,Online
Foot Locker,1185738,"Thursday, November 18, 2021",South,Tamil Nadu,Chennai,Men,Street Footwear,68,117,7956,4216.68,0.53,Online
Foot Locker,1185738,"Thursday, November 18, 2021",South,Tamil Nadu,Chennai,Men,Athletic Footwear,62,98,6076,3159.52,0.52,Online
Foot Locker,1185738,"Thursday, November 18, 2021",South,Tamil Nadu,Chennai,Women,Street Footwear,63,104,6552,2948.4,0.45,Online
Foot Locker,1185738,"Thursday, November 18, 2021",South,Tamil Nadu,Chennai,Women,Athletic Footwear,64,85,5440,2176,0.4,Online
Foot Locker,1185738,"Thursday, November 18, 2021",South,Tamil Nadu,Chennai,Men,Apparel,71,81,5751,2415.42,0.42,Online
Foot Locker,1185738,"Thursday, November 18, 2021",South,Tamil Nadu,Chennai,Women,Apparel,78,116,9048,4252.56,0.47,Online
Foot Locker,1185738,"Friday, December 17, 2021",South,Tamil Nadu,Chennai,Men,Street Footwear,71,169,11999,6599.45,0.55,Online
Foot Locker,1185738,"Friday, December 17, 2021",South,Tamil Nadu,Chennai,Men,Athletic Footwear,59,115,6785,3731.75,0.55,Online
Foot Locker,1185738,"Friday, December 17, 2021",South,Tamil Nadu,Chennai,Women,Street Footwear,62,108,6696,2812.32,0.42,Online
Foot Locker,1185738,"Friday, December 17, 2021",South,Tamil Nadu,Chennai,Women,Athletic Footwear,62,88,5456,2400.64,0.44,Online
Foot Locker,1185738,"Friday, December 17, 2021",South,Tamil Nadu,Chennai,Men,Apparel,74,105,7770,3341.1,0.43,Online
Foot Locker,1185738,"Friday, December 17, 2021",South,Tamil Nadu,Chennai,Women,Apparel,74,117,8658,4242.42,0.49,Online
Foot Locker,1185738,"Sunday, January 24, 2021",South,Tamil Nadu,Chennai,Men,Street Footwear,52,145,7540,3468.4,0.46,Online
Foot Locker,1185738,"Sunday, January 24, 2021",South,Tamil Nadu,Chennai,Men,Athletic Footwear,50,84,4200,1974,0.47,Online
Foot Locker,1185738,"Sunday, January 24, 2021",South,Tamil Nadu,Chennai,Women,Street Footwear,44,90,3960,1386,0.35,Online
Foot Locker,1185738,"Sunday, January 24, 2021",South,Tamil Nadu,Chennai,Women,Athletic Footwear,49,39,1911,707.07,0.37,Online
Foot Locker,1185738,"Sunday, January 24, 2021",South,Tamil Nadu,Chennai,Men,Apparel,60,54,3240,1198.8,0.37,Online
Foot Locker,1185738,"Sunday, January 24, 2021",South,Tamil Nadu,Chennai,Women,Apparel,54,78,4212,1895.4,0.45,Online
Foot Locker,1185738,"Monday, February 22, 2021",South,Tamil Nadu,Chennai,Men,Street Footwear,52,173,8996,4048.2,0.45,Online
Foot Locker,1185738,"Monday, February 22, 2021",South,Tamil Nadu,Chennai,Men,Athletic Footwear,53,59,3127,1438.42,0.46,Online
Foot Locker,1185738,"Monday, February 22, 2021",South,Tamil Nadu,Chennai,Women,Street Footwear,43,83,3569,1427.6,0.4,Online
Foot Locker,1185738,"Tuesday, October 19, 2021",South,Tamil Nadu,Chennai,Men,Street Footwear,52,162,8424,3538.08,0.42,Outlet
Foot Locker,1185738,"Tuesday, October 19, 2021",South,Tamil Nadu,Chennai,Men,Athletic Footwear,44,99,4356,1916.64,0.44,Outlet
Foot Locker,1185738,"Tuesday, October 19, 2021",South,Tamil Nadu,Chennai,Women,Street Footwear,52,60,3120,1029.6,0.33,Outlet
Foot Locker,1185738,"Tuesday, October 19, 2021",South,Tamil Nadu,Chennai,Women,Athletic Footwear,44,61,2684,858.88,0.32,Outlet
Foot Locker,1185738,"Tuesday, October 19, 2021",South,Tamil Nadu,Chennai,Men,Apparel,50,58,2900,928,0.32,Outlet
Foot Locker,1185738,"Tuesday, October 19, 2021",South,Tamil Nadu,Chennai,Women,Apparel,64,90,5760,2246.4,0.39,Outlet
Foot Locker,1185738,"Thursday, November 18, 2021",South,Tamil Nadu,Chennai,Men,Street Footwear,59,149,8791,3780.13,0.43,Outlet
Foot Locker,1185738,"Thursday, November 18, 2021",South,Tamil Nadu,Chennai,Men,Athletic Footwear,42,114,4788,2058.84,0.43,Outlet
Foot Locker,1185738,"Thursday, November 18, 2021",South,Tamil Nadu,Chennai,Women,Street Footwear,51,114,5814,2034.9,0.35,Outlet
Foot Locker,1185738,"Thursday, November 18, 2021",South,Tamil Nadu,Chennai,Women,Athletic Footwear,43,114,4902,1666.68,0.34,Outlet
Foot Locker,1185738,"Thursday, November 18, 2021",South,Tamil Nadu,Chennai,Men,Apparel,59,96,5664,1925.76,0.34,Outlet
Foot Locker,1185738,"Thursday, November 18, 2021",South,Tamil Nadu,Chennai,Women,Apparel,61,120,7320,3001.2,0.41,Outlet
Foot Locker,1185738,"Friday, December 17, 2021",South,Tamil Nadu,Chennai,Men,Street Footwear,49,200,9800,4606,0.47,Outlet
Foot Locker,1185738,"Friday, December 17, 2021",South,Tamil Nadu,Chennai,Men,Athletic Footwear,49,128,6272,2634.24,0.42,Outlet
Foot Locker,1185738,"Friday, December 17, 2021",South,Tamil Nadu,Chennai,Women,Street Footwear,47,128,6016,2165.76,0.36,Outlet
Foot Locker,1185738,"Friday, December 17, 2021",South,Tamil Nadu,Chennai,Women,Athletic Footwear,49,116,5684,1989.4,0.35,Outlet
Foot Locker,1185738,"Friday, December 17, 2021",South,Tamil Nadu,Chennai,Men,Apparel,50,123,6150,2275.5,0.37,Outlet
Foot Locker,1185738,"Friday, December 17, 2021",South,Tamil Nadu,Chennai,Women,Apparel,61,144,8784,3513.6,0.4,Outlet
Foot Locker,1185738,"Sunday, January 24, 2021",South,Tamil Nadu,Chennai,Men,Street Footwear,36,165,5940,2197.8,0.37,Outlet
Foot Locker,1185738,"Sunday, January 24, 2021",South,Tamil Nadu,Chennai,Men,Athletic Footwear,36,93,3348,1339.2,0.4,Outlet
Foot Locker,1185738,"Sunday, January 24, 2021",South,Tamil Nadu,Chennai,Women,Street Footwear,35,99,3465,935.55,0.27,Outlet
Foot Locker,1185738,"Sunday, January 24, 2021",South,Tamil Nadu,Chennai,Women,Athletic Footwear,33,51,1683,471.24,0.28,Outlet
Foot Locker,1185738,"Sunday, January 24, 2021",South,Tamil Nadu,Chennai,Men,Apparel,50,64,3200,896,0.28,Outlet
Foot Locker,1185738,"Sunday, January 24, 2021",South,Tamil Nadu,Chennai,Women,Apparel,41,105,4305,1377.6,0.32,Outlet
Foot Locker,1185738,"Monday, February 22, 2021",South,Tamil Nadu,Chennai,Men,Street Footwear,41,184,7544,2791.28,0.37,Outlet
Foot Locker,1185738,"Monday, February 22, 2021",South,Tamil Nadu,Chennai,Men,Athletic Footwear,42,70,2940,1234.8,0.42,Outlet
Foot Locker,1185738,"Monday, February 22, 2021",South,Tamil Nadu,Chennai,Women,Street Footwear,29,83,2407,649.89,0.27,Outlet
Foot Locker,1185731,"Tuesday, October 5, 2021",North,Uttarakhand,Dehradun,Women,Apparel,70,275,192500,67375,0.35,In-store
Foot Locker,1185731,"Thursday, November 4, 2021",North,Uttarakhand,Dehradun,Men,Street Footwear,65,425,276250,110500,0.4,In-store
Foot Locker,1185731,"Thursday, November 4, 2021",North,Uttarakhand,Dehradun,Men,Athletic Footwear,55,300,165000,66000,0.4,In-store
Foot Locker,1185731,"Thursday, November 4, 2021",North,Uttarakhand,Dehradun,Women,Street Footwear,55,295,162250,48675,0.3,In-store
Foot Locker,1185731,"Thursday, November 4, 2021",North,Uttarakhand,Dehradun,Women,Athletic Footwear,55,275,151250,45375,0.3,In-store
Foot Locker,1185731,"Thursday, November 4, 2021",North,Uttarakhand,Dehradun,Men,Apparel,65,250,162500,48750,0.3,In-store
Foot Locker,1185731,"Thursday, November 4, 2021",North,Uttarakhand,Dehradun,Women,Apparel,70,350,245000,85750,0.35,In-store
Foot Locker,1185731,"Friday, December 3, 2021",North,Uttarakhand,Dehradun,Men,Street Footwear,65,575,373750,149500,0.4,In-store
Foot Locker,1185731,"Friday, December 3, 2021",North,Uttarakhand,Dehradun,Men,Athletic Footwear,55,375,206250,82500,0.4,In-store
Foot Locker,1185731,"Friday, December 3, 2021",North,Uttarakhand,Dehradun,Women,Street Footwear,55,350,192500,57750,0.3,In-store
Foot Locker,1185731,"Friday, December 3, 2021",North,Uttarakhand,Dehradun,Women,Athletic Footwear,55,300,165000,49500,0.3,In-store
Foot Locker,1185731,"Friday, December 3, 2021",North,Uttarakhand,Dehradun,Men,Apparel,65,300,195000,58500,0.3,In-store
Foot Locker,1185731,"Friday, December 3, 2021",North,Uttarakhand,Dehradun,Women,Apparel,70,400,280000,98000,0.35,In-store
Foot Locker,1185731,"Sunday, January 10, 2021",North,Uttarakhand,Dehradun,Men,Street Footwear,35,425,148750,52062.5,0.35,In-store
Foot Locker,1185731,"Sunday, January 10, 2021",North,Uttarakhand,Dehradun,Men,Athletic Footwear,35,225,78750,27562.5,0.35,In-store
Foot Locker,1185731,"Sunday, January 10, 2021",North,Uttarakhand,Dehradun,Women,Street Footwear,25,225,56250,22500,0.4,In-store
Foot Locker,1185731,"Sunday, January 10, 2021",North,Uttarakhand,Dehradun,Women,Athletic Footwear,30,75,22500,9000,0.4,In-store
Foot Locker,1185731,"Sunday, January 10, 2021",North,Uttarakhand,Dehradun,Men,Apparel,45,125,56250,16875,0.3,In-store
Foot Locker,1185731,"Sunday, January 10, 2021",North,Uttarakhand,Dehradun,Women,Apparel,35,225,78750,31500,0.4,In-store
Foot Locker,1185731,"Monday, February 8, 2021",North,Uttarakhand,Dehradun,Men,Street Footwear,35,475,166250,58187.5,0.35,In-store
Foot Locker,1185731,"Monday, February 8, 2021",North,Uttarakhand,Dehradun,Men,Athletic Footwear,35,125,43750,15312.5,0.35,In-store
Foot Locker,1185731,"Monday, February 8, 2021",North,Uttarakhand,Dehradun,Women,Street Footwear,25,175,43750,17500,0.4,In-store
Foot Locker,1185731,"Tuesday, October 5, 2021",North,Uttarakhand,Dehradun,Women,Apparel,63,74,4662,2331,0.5,Online
Foot Locker,1185731,"Thursday, November 4, 2021",North,Uttarakhand,Dehradun,Men,Street Footwear,60,111,6660,3330,0.5,Online
Foot Locker,1185731,"Thursday, November 4, 2021",North,Uttarakhand,Dehradun,Men,Athletic Footwear,51,84,4284,2227.68,0.52,Online
Foot Locker,1185731,"Thursday, November 4, 2021",North,Uttarakhand,Dehradun,Women,Street Footwear,51,80,4080,1836,0.45,Online
Foot Locker,1185731,"Thursday, November 4, 2021",North,Uttarakhand,Dehradun,Women,Athletic Footwear,50,80,4000,1680,0.42,Online
Foot Locker,1185731,"Thursday, November 4, 2021",North,Uttarakhand,Dehradun,Men,Apparel,60,68,4080,1795.2,0.44,Online
Foot Locker,1185731,"Thursday, November 4, 2021",North,Uttarakhand,Dehradun,Women,Apparel,67,95,6365,2991.55,0.47,Online
Foot Locker,1185731,"Friday, December 3, 2021",North,Uttarakhand,Dehradun,Men,Street Footwear,59,150,8850,4513.5,0.51,Online
Foot Locker,1185731,"Friday, December 3, 2021",North,Uttarakhand,Dehradun,Men,Athletic Footwear,51,101,5151,2627.01,0.51,Online
Foot Locker,1185731,"Friday, December 3, 2021",North,Uttarakhand,Dehradun,Women,Street Footwear,50,88,4400,1980,0.45,Online
Foot Locker,1185731,"Friday, December 3, 2021",North,Uttarakhand,Dehradun,Women,Athletic Footwear,53,87,4611,1936.62,0.42,Online
Foot Locker,1185731,"Friday, December 3, 2021",North,Uttarakhand,Dehradun,Men,Apparel,60,78,4680,2106,0.45,Online
Foot Locker,1185731,"Friday, December 3, 2021",North,Uttarakhand,Dehradun,Women,Apparel,67,112,7504,3451.84,0.46,Online
Foot Locker,1185731,"Sunday, January 10, 2021",North,Uttarakhand,Dehradun,Men,Street Footwear,34,115,3910,1798.6,0.46,Online
Foot Locker,1185731,"Sunday, January 10, 2021",North,Uttarakhand,Dehradun,Men,Athletic Footwear,34,63,2142,963.9,0.45,Online
Foot Locker,1185731,"Sunday, January 10, 2021",North,Uttarakhand,Dehradun,Women,Street Footwear,24,63,1512,831.6,0.55,Online
Foot Locker,1185731,"Sunday, January 10, 2021",North,Uttarakhand,Dehradun,Women,Athletic Footwear,29,20,580,307.4,0.53,Online
Foot Locker,1185731,"Sunday, January 10, 2021",North,Uttarakhand,Dehradun,Men,Apparel,44,33,1452,580.8,0.4,Online
Foot Locker,1185731,"Sunday, January 10, 2021",North,Uttarakhand,Dehradun,Women,Apparel,33,63,2079,1122.66,0.54,Online
Foot Locker,1185731,"Monday, February 8, 2021",North,Uttarakhand,Dehradun,Men,Street Footwear,34,119,4046,1982.54,0.49,Online
Foot Locker,1185731,"Monday, February 8, 2021",North,Uttarakhand,Dehradun,Men,Athletic Footwear,34,36,1224,575.28,0.47,Online
Foot Locker,1185731,"Monday, February 8, 2021",North,Uttarakhand,Dehradun,Women,Street Footwear,24,49,1176,588,0.5,Online
Foot Locker,1185731,"Tuesday, October 5, 2021",North,Uttarakhand,Dehradun,Women,Apparel,46,94,4324,1816.08,0.42,Outlet
Foot Locker,1185731,"Thursday, November 4, 2021",North,Uttarakhand,Dehradun,Men,Street Footwear,51,149,7599,3267.57,0.43,Outlet
Foot Locker,1185731,"Thursday, November 4, 2021",North,Uttarakhand,Dehradun,Men,Athletic Footwear,37,105,3885,1787.1,0.46,Outlet
Foot Locker,1185731,"Thursday, November 4, 2021",North,Uttarakhand,Dehradun,Women,Street Footwear,36,103,3708,1371.96,0.37,Outlet
Foot Locker,1185731,"Thursday, November 4, 2021",North,Uttarakhand,Dehradun,Women,Athletic Footwear,39,83,3237,1197.69,0.37,Outlet
Foot Locker,1185731,"Thursday, November 4, 2021",North,Uttarakhand,Dehradun,Men,Apparel,44,88,3872,1393.92,0.36,Outlet
Foot Locker,1185731,"Thursday, November 4, 2021",North,Uttarakhand,Dehradun,Women,Apparel,52,116,6032,2352.48,0.39,Outlet
Foot Locker,1185731,"Friday, December 3, 2021",North,Uttarakhand,Dehradun,Men,Street Footwear,45,173,7785,3269.7,0.42,Outlet
Foot Locker,1185731,"Friday, December 3, 2021",North,Uttarakhand,Dehradun,Men,Athletic Footwear,37,131,4847,2181.15,0.45,Outlet
Foot Locker,1185731,"Friday, December 3, 2021",North,Uttarakhand,Dehradun,Women,Street Footwear,43,116,4988,1646.04,0.33,Outlet
Foot Locker,1185731,"Friday, December 3, 2021",North,Uttarakhand,Dehradun,Women,Athletic Footwear,38,96,3648,1276.8,0.35,Outlet
Foot Locker,1185731,"Friday, December 3, 2021",North,Uttarakhand,Dehradun,Men,Apparel,42,99,4158,1455.3,0.35,Outlet
Foot Locker,1185731,"Friday, December 3, 2021",North,Uttarakhand,Dehradun,Women,Apparel,52,120,6240,2308.8,0.37,Outlet
Foot Locker,1185731,"Sunday, January 10, 2021",North,Uttarakhand,Dehradun,Men,Street Footwear,23,149,3427,1439.34,0.42,Outlet
Foot Locker,1185731,"Sunday, January 10, 2021",North,Uttarakhand,Dehradun,Men,Athletic Footwear,28,79,2212,884.8,0.4,Outlet
Foot Locker,1185731,"Sunday, January 10, 2021",North,Uttarakhand,Dehradun,Women,Street Footwear,19,72,1368,574.56,0.42,Outlet
Foot Locker,1185731,"Sunday, January 10, 2021",North,Uttarakhand,Dehradun,Women,Athletic Footwear,24,24,576,264.96,0.46,Outlet
Foot Locker,1185731,"Sunday, January 10, 2021",North,Uttarakhand,Dehradun,Men,Apparel,34,44,1496,538.56,0.36,Outlet
Foot Locker,1185731,"Sunday, January 10, 2021",North,Uttarakhand,Dehradun,Women,Apparel,26,72,1872,879.84,0.47,Outlet
Foot Locker,1185731,"Monday, February 8, 2021",North,Uttarakhand,Dehradun,Men,Street Footwear,24,162,3888,1555.2,0.4,Outlet
Foot Locker,1185731,"Monday, February 8, 2021",North,Uttarakhand,Dehradun,Men,Athletic Footwear,24,41,984,383.76,0.39,Outlet
Foot Locker,1185731,"Monday, February 8, 2021",North,Uttarakhand,Dehradun,Women,Street Footwear,18,53,954,410.22,0.43,Outlet
Foot Locker,1185746,"Sunday, October 17, 2021",East,West Bengal,Kolkata,Women,Apparel,50,300,150000,60000,0.4,In-store
Foot Locker,1185746,"Wednesday, November 17, 2021",East,West Bengal,Kolkata,Men,Street Footwear,45,450,202500,81000,0.4,In-store
Foot Locker,1185746,"Wednesday, November 17, 2021",East,West Bengal,Kolkata,Men,Athletic Footwear,35,350,122500,49000,0.4,In-store
Foot Locker,1185746,"Wednesday, November 17, 2021",East,West Bengal,Kolkata,Women,Street Footwear,35,295,103250,41300,0.4,In-store
Foot Locker,1185746,"Wednesday, November 17, 2021",East,West Bengal,Kolkata,Women,Athletic Footwear,40,325,130000,52000,0.4,In-store
Foot Locker,1185746,"Wednesday, November 17, 2021",East,West Bengal,Kolkata,Men,Apparel,65,300,195000,78000,0.4,In-store
Foot Locker,1185746,"Wednesday, November 17, 2021",East,West Bengal,Kolkata,Women,Apparel,70,400,280000,112000,0.4,In-store
Foot Locker,1185746,"Thursday, December 16, 2021",East,West Bengal,Kolkata,Men,Street Footwear,65,650,422500,169000,0.4,In-store
Foot Locker,1185746,"Thursday, December 16, 2021",East,West Bengal,Kolkata,Men,Athletic Footwear,55,450,247500,99000,0.4,In-store
Foot Locker,1185746,"Thursday, December 16, 2021",East,West Bengal,Kolkata,Women,Athletic Footwear,55,350,192500,77000,0.4,In-store
Foot Locker,1185746,"Thursday, December 16, 2021",East,West Bengal,Kolkata,Men,Apparel,65,350,227500,91000,0.4,In-store
Foot Locker,1185746,"Thursday, December 16, 2021",East,West Bengal,Kolkata,Women,Apparel,70,450,315000,126000,0.4,In-store
Foot Locker,1185746,"Sunday, January 24, 2021",East,West Bengal,Kolkata,Men,Street Footwear,35,425,148750,59500,0.4,In-store
Foot Locker,1185746,"Sunday, January 24, 2021",East,West Bengal,Kolkata,Men,Athletic Footwear,35,225,78750,27562.5,0.35,In-store
Foot Locker,1185746,"Sunday, January 24, 2021",East,West Bengal,Kolkata,Women,Street Footwear,25,225,56250,19687.5,0.35,In-store
Foot Locker,1185746,"Sunday, January 24, 2021",East,West Bengal,Kolkata,Women,Athletic Footwear,30,75,22500,7875,0.35,In-store
Foot Locker,1185746,"Sunday, January 24, 2021",East,West Bengal,Kolkata,Men,Apparel,45,125,56250,16875,0.3,In-store
Foot Locker,1185746,"Sunday, January 24, 2021",East,West Bengal,Kolkata,Women,Apparel,35,225,78750,23625,0.3,In-store
Foot Locker,1185746,"Monday, February 22, 2021",East,West Bengal,Kolkata,Men,Street Footwear,35,475,166250,66500,0.4,In-store
Foot Locker,1185735,"Tuesday, June 22, 2021",West,Maharashtra,Mumbai,Women,Street Footwear,40,175,70000,24500,0.35,In-store
Foot Locker,1185735,"Tuesday, June 22, 2021",West,Maharashtra,Mumbai,Women,Athletic Footwear,40,150,60000,21000,0.35,In-store
Foot Locker,1185735,"Tuesday, June 22, 2021",West,Maharashtra,Mumbai,Men,Apparel,50,150,75000,22500,0.3,In-store
Foot Locker,1185735,"Tuesday, June 22, 2021",West,Maharashtra,Mumbai,Women,Apparel,55,300,165000,49500,0.3,In-store
Foot Locker,1185735,"Tuesday, July 20, 2021",West,Maharashtra,Mumbai,Men,Street Footwear,50,525,262500,105000,0.4,In-store
Foot Locker,1185735,"Friday, October 22, 2021",West,Maharashtra,Mumbai,Women,Athletic Footwear,50,75,37500,13125,0.35,In-store
Foot Locker,1185735,"Friday, October 22, 2021",West,Maharashtra,Mumbai,Men,Apparel,60,75,45000,13500,0.3,In-store
Foot Locker,1185735,"Friday, October 22, 2021",West,Maharashtra,Mumbai,Women,Apparel,65,200,130000,39000,0.3,In-store
Foot Locker,1185735,"Sunday, November 21, 2021",West,Maharashtra,Mumbai,Men,Street Footwear,60,350,210000,84000,0.4,In-store
Foot Locker,1185735,"Sunday, November 21, 2021",West,Maharashtra,Mumbai,Men,Athletic Footwear,50,175,87500,30625,0.35,In-store
Foot Locker,1185735,"Sunday, November 21, 2021",West,Maharashtra,Mumbai,Women,Street Footwear,50,170,85000,29750,0.35,In-store
Foot Locker,1185735,"Sunday, November 21, 2021",West,Maharashtra,Mumbai,Women,Athletic Footwear,50,150,75000,26250,0.35,In-store
Foot Locker,1185735,"Sunday, November 21, 2021",West,Maharashtra,Mumbai,Men,Apparel,60,125,75000,22500,0.3,In-store
Foot Locker,1185735,"Sunday, November 21, 2021",West,Maharashtra,Mumbai,Women,Apparel,65,225,146250,43875,0.3,In-store
Foot Locker,1185735,"Monday, December 20, 2021",West,Maharashtra,Mumbai,Men,Street Footwear,60,450,270000,108000,0.4,In-store
Foot Locker,1185735,"Monday, December 20, 2021",West,Maharashtra,Mumbai,Men,Athletic Footwear,50,250,125000,43750,0.35,In-store
Foot Locker,1185735,"Monday, December 20, 2021",West,Maharashtra,Mumbai,Women,Street Footwear,50,225,112500,39375,0.35,In-store
Foot Locker,1185735,"Monday, December 20, 2021",West,Maharashtra,Mumbai,Women,Athletic Footwear,50,175,87500,30625,0.35,In-store
Foot Locker,1185735,"Monday, December 20, 2021",West,Maharashtra,Mumbai,Men,Apparel,60,175,105000,31500,0.3,In-store
Foot Locker,1185735,"Monday, December 20, 2021",West,Maharashtra,Mumbai,Women,Apparel,65,275,178750,53625,0.3,In-store
Foot Locker,1185735,"Sunday, January 17, 2021",West,Maharashtra,Mumbai,Men,Street Footwear,40,525,210000,73500,0.35,In-store
Foot Locker,1185735,"Sunday, January 17, 2021",West,Maharashtra,Mumbai,Men,Athletic Footwear,40,325,130000,45500,0.35,In-store
Foot Locker,1185735,"Sunday, January 17, 2021",West,Maharashtra,Mumbai,Women,Street Footwear,30,325,97500,39000,0.4,In-store
Foot Locker,1185735,"Sunday, January 17, 2021",West,Maharashtra,Mumbai,Women,Athletic Footwear,35,175,61250,24500,0.4,In-store
Foot Locker,1185735,"Sunday, January 17, 2021",West,Maharashtra,Mumbai,Men,Apparel,50,225,112500,33750,0.3,In-store
Foot Locker,1185735,"Sunday, January 17, 2021",West,Maharashtra,Mumbai,Women,Apparel,40,325,130000,52000,0.4,In-store
Foot Locker,1185735,"Monday, February 15, 2021",West,Maharashtra,Mumbai,Men,Street Footwear,40,575,230000,80500,0.35,In-store
Foot Locker,1185735,"Monday, February 15, 2021",West,Maharashtra,Mumbai,Men,Athletic Footwear,40,225,90000,31500,0.35,In-store
Foot Locker,1185735,"Monday, February 15, 2021",West,Maharashtra,Mumbai,Women,Street Footwear,30,275,82500,33000,0.4,In-store
Foot Locker,1185746,"Sunday, October 17, 2021",East,West Bengal,Kolkata,Women,Apparel,47,84,3948,1974,0.5,Online
Foot Locker,1185746,"Wednesday, November 17, 2021",East,West Bengal,Kolkata,Men,Street Footwear,44,117,5148,2676.96,0.52,Online
Foot Locker,1185746,"Wednesday, November 17, 2021",East,West Bengal,Kolkata,Men,Athletic Footwear,33,95,3135,1661.55,0.53,Online
Foot Locker,1185746,"Wednesday, November 17, 2021",East,West Bengal,Kolkata,Women,Street Footwear,32,77,2464,1232,0.5,Online
Foot Locker,1185746,"Wednesday, November 17, 2021",East,West Bengal,Kolkata,Women,Athletic Footwear,38,91,3458,1901.9,0.55,Online
Foot Locker,1185746,"Wednesday, November 17, 2021",East,West Bengal,Kolkata,Men,Apparel,62,78,4836,2563.08,0.53,Online
Foot Locker,1185746,"Wednesday, November 17, 2021",East,West Bengal,Kolkata,Women,Apparel,64,100,6400,3264,0.51,Online
Foot Locker,1185746,"Thursday, December 16, 2021",East,West Bengal,Kolkata,Men,Street Footwear,60,176,10560,5491.2,0.52,Online
Foot Locker,1185746,"Thursday, December 16, 2021",East,West Bengal,Kolkata,Men,Athletic Footwear,52,135,7020,3650.4,0.52,Online
Foot Locker,1185746,"Thursday, December 16, 2021",East,West Bengal,Kolkata,Women,Athletic Footwear,53,102,5406,2757.06,0.51,Online
Foot Locker,1185746,"Thursday, December 16, 2021",East,West Bengal,Kolkata,Men,Apparel,61,95,5795,2897.5,0.5,Online
Foot Locker,1185746,"Thursday, December 16, 2021",East,West Bengal,Kolkata,Women,Apparel,68,122,8296,4562.8,0.55,Online
Foot Locker,1185746,"Sunday, January 24, 2021",East,West Bengal,Kolkata,Men,Street Footwear,33,106,3498,1749,0.5,Online
Foot Locker,1185746,"Sunday, January 24, 2021",East,West Bengal,Kolkata,Men,Athletic Footwear,34,68,2312,1086.64,0.47,Online
Foot Locker,1185746,"Sunday, January 24, 2021",East,West Bengal,Kolkata,Women,Street Footwear,24,63,1512,695.52,0.46,Online
Foot Locker,1185746,"Sunday, January 24, 2021",East,West Bengal,Kolkata,Women,Athletic Footwear,28,20,560,280,0.5,Online
Foot Locker,1185746,"Sunday, January 24, 2021",East,West Bengal,Kolkata,Men,Apparel,42,33,1386,595.98,0.43,Online
Foot Locker,1185746,"Sunday, January 24, 2021",East,West Bengal,Kolkata,Women,Apparel,33,59,1947,778.8,0.4,Online
Foot Locker,1185746,"Monday, February 22, 2021",East,West Bengal,Kolkata,Men,Street Footwear,32,138,4416,2340.48,0.53,Online
Foot Locker,1185735,"Tuesday, June 22, 2021",West,Maharashtra,Mumbai,Women,Street Footwear,37,47,1739,869.5,0.5,Online
Foot Locker,1185735,"Tuesday, June 22, 2021",West,Maharashtra,Mumbai,Women,Athletic Footwear,37,44,1628,814,0.5,Online
Foot Locker,1185736,"Tuesday, June 22, 2021",West,Gujrat,Ahemdabad,Men,Apparel,49,42,2058,905.52,0.44,Online
Foot Locker,1185736,"Tuesday, June 22, 2021",West,Gujrat,Ahemdabad,Women,Apparel,53,84,4452,2003.4,0.45,Online
Foot Locker,1185736,"Tuesday, July 20, 2021",West,Gujrat,Ahemdabad,Men,Street Footwear,49,131,6419,3337.88,0.52,Online
Foot Locker,1185736,"Friday, October 22, 2021",West,Gujrat,Ahemdabad,Women,Athletic Footwear,49,21,1029,514.5,0.5,Online
Foot Locker,1185736,"Friday, October 22, 2021",West,Gujrat,Ahemdabad,Men,Apparel,56,20,1120,448,0.4,Online
Foot Locker,1185736,"Friday, October 22, 2021",West,Gujrat,Ahemdabad,Women,Apparel,60,52,3120,1248,0.4,Online
Foot Locker,1185736,"Sunday, November 21, 2021",West,Gujrat,Ahemdabad,Men,Street Footwear,58,88,5104,2807.2,0.55,Online
Foot Locker,1185736,"Sunday, November 21, 2021",West,Gujrat,Ahemdabad,Men,Athletic Footwear,45,51,2295,1078.65,0.47,Online
Foot Locker,1185736,"Sunday, November 21, 2021",West,Gujrat,Ahemdabad,Women,Street Footwear,49,48,2352,1176,0.5,Online
Foot Locker,1185736,"Sunday, November 21, 2021",West,Gujrat,Ahemdabad,Women,Athletic Footwear,48,41,1968,905.28,0.46,Online
Foot Locker,1185736,"Sunday, November 21, 2021",West,Gujrat,Ahemdabad,Men,Apparel,56,31,1736,763.84,0.44,Online
Foot Locker,1185736,"Sunday, November 21, 2021",West,Gujrat,Ahemdabad,Women,Apparel,62,63,3906,1679.58,0.43,Online
Foot Locker,1185736,"Monday, December 20, 2021",West,Gujrat,Ahemdabad,Men,Street Footwear,57,122,6954,3477,0.5,Online
Foot Locker,1185736,"Monday, December 20, 2021",West,Gujrat,Ahemdabad,Men,Athletic Footwear,46,65,2990,1495,0.5,Online
Foot Locker,1185736,"Monday, December 20, 2021",West,Gujrat,Ahemdabad,Women,Street Footwear,45,65,2925,1374.75,0.47,Online
Foot Locker,1185736,"Monday, December 20, 2021",West,Gujrat,Ahemdabad,Women,Athletic Footwear,49,44,2156,1013.32,0.47,Online
Foot Locker,1185736,"Monday, December 20, 2021",West,Gujrat,Ahemdabad,Men,Apparel,54,51,2754,1129.14,0.41,Online
Foot Locker,1185736,"Monday, December 20, 2021",West,Gujrat,Ahemdabad,Women,Apparel,61,72,4392,1844.64,0.42,Online
Foot Locker,1185736,"Sunday, January 17, 2021",West,Gujrat,Ahemdabad,Men,Street Footwear,36,137,4932,2219.4,0.45,Online
Foot Locker,1185736,"Sunday, January 17, 2021",West,Gujrat,Ahemdabad,Men,Athletic Footwear,38,81,3078,1539,0.5,Online
Foot Locker,1185736,"Sunday, January 17, 2021",West,Gujrat,Ahemdabad,Women,Street Footwear,29,91,2639,1398.67,0.53,Online
Foot Locker,1185736,"Sunday, January 17, 2021",West,Gujrat,Ahemdabad,Women,Athletic Footwear,32,47,1504,827.2,0.55,Online
Foot Locker,1185736,"Sunday, January 17, 2021",West,Gujrat,Ahemdabad,Men,Apparel,49,59,2891,1214.22,0.42,Online
Foot Locker,1185736,"Sunday, January 17, 2021",West,Gujrat,Ahemdabad,Women,Apparel,36,81,2916,1487.16,0.51,Online
Foot Locker,1185736,"Monday, February 15, 2021",West,Gujrat,Ahemdabad,Men,Street Footwear,39,144,5616,2808,0.5,Online
Foot Locker,1185736,"Monday, February 15, 2021",West,Gujrat,Ahemdabad,Men,Athletic Footwear,37,61,2257,1038.22,0.46,Online
Foot Locker,1185736,"Monday, February 15, 2021",West,Gujrat,Ahemdabad,Women,Street Footwear,27,69,1863,950.13,0.51,Online
Amazon,1185737,"Friday, October 15, 2021",South,Karnatka,Benglore,Women,Apparel,70,225,157500,47250,0.3,In-store
Amazon,1185737,"Sunday, November 14, 2021",South,Karnatka,Benglore,Men,Street Footwear,65,375,243750,73125,0.3,In-store
Amazon,1185737,"Sunday, November 14, 2021",South,Karnatka,Benglore,Men,Athletic Footwear,55,300,165000,49500,0.3,In-store
Amazon,1185737,"Sunday, November 14, 2021",South,Karnatka,Benglore,Women,Street Footwear,55,295,162250,40562.5,0.25,In-store
Amazon,1185737,"Sunday, November 14, 2021",South,Karnatka,Benglore,Women,Athletic Footwear,55,275,151250,37812.5,0.25,In-store
Amazon,1185737,"Sunday, November 14, 2021",South,Karnatka,Benglore,Men,Apparel,65,250,162500,40625,0.25,In-store
Amazon,1185737,"Sunday, November 14, 2021",South,Karnatka,Benglore,Women,Apparel,70,350,245000,73500,0.3,In-store
Amazon,1185737,"Monday, December 13, 2021",South,Karnatka,Benglore,Men,Street Footwear,65,575,373750,112125,0.3,In-store
Amazon,1185737,"Monday, December 13, 2021",South,Karnatka,Benglore,Men,Athletic Footwear,55,375,206250,61875,0.3,In-store
Amazon,1185737,"Monday, December 13, 2021",South,Karnatka,Benglore,Women,Street Footwear,55,350,192500,48125,0.25,In-store
Amazon,1185737,"Monday, December 13, 2021",South,Karnatka,Benglore,Women,Athletic Footwear,55,300,165000,41250,0.25,In-store
Amazon,1185737,"Monday, December 13, 2021",South,Karnatka,Benglore,Men,Apparel,65,300,195000,48750,0.25,In-store
Amazon,1185737,"Monday, December 13, 2021",South,Karnatka,Benglore,Women,Apparel,70,400,280000,84000,0.3,In-store
Amazon,1185737,"Thursday, January 14, 2021",South,Karnatka,Benglore,Men,Street Footwear,45,525,236250,106312.5,0.45,In-store
Amazon,1185737,"Thursday, January 14, 2021",South,Karnatka,Benglore,Men,Athletic Footwear,45,325,146250,65812.5,0.45,In-store
Amazon,1185737,"Thursday, January 14, 2021",South,Karnatka,Benglore,Women,Street Footwear,35,325,113750,39812.5,0.35,In-store
Amazon,1185737,"Thursday, January 14, 2021",South,Karnatka,Benglore,Women,Athletic Footwear,40,175,70000,24500,0.35,In-store
Amazon,1185737,"Thursday, January 14, 2021",South,Karnatka,Benglore,Men,Apparel,55,225,123750,43312.5,0.35,In-store
Amazon,1185737,"Thursday, January 14, 2021",South,Karnatka,Benglore,Women,Apparel,45,325,146250,58500,0.4,In-store
Amazon,1185737,"Friday, February 12, 2021",South,Karnatka,Benglore,Men,Street Footwear,45,575,258750,116437.5,0.45,In-store
Amazon,1185737,"Friday, February 12, 2021",South,Karnatka,Benglore,Men,Athletic Footwear,45,225,101250,45562.5,0.45,In-store
Amazon,1185737,"Friday, February 12, 2021",South,Karnatka,Benglore,Women,Street Footwear,35,275,96250,33687.5,0.35,In-store
Amazon,1185737,"Friday, October 15, 2021",South,Karnatka,Benglore,Women,Apparel,66,65,4290,1887.6,0.44,Online
Amazon,1185737,"Sunday, November 14, 2021",South,Karnatka,Benglore,Men,Street Footwear,62,113,7006,3012.58,0.43,Online
Amazon,1185737,"Sunday, November 14, 2021",South,Karnatka,Benglore,Men,Athletic Footwear,52,90,4680,2059.2,0.44,Online
Amazon,1185737,"Sunday, November 14, 2021",South,Karnatka,Benglore,Women,Street Footwear,50,83,4150,1494,0.36,Online
Amazon,1185737,"Sunday, November 14, 2021",South,Karnatka,Benglore,Women,Athletic Footwear,51,80,4080,1591.2,0.39,Online
Amazon,1185737,"Sunday, November 14, 2021",South,Karnatka,Benglore,Men,Apparel,63,70,4410,1675.8,0.38,Online
Amazon,1185737,"Sunday, November 14, 2021",South,Karnatka,Benglore,Women,Apparel,64,98,6272,2822.4,0.45,Online
Amazon,1185737,"Monday, December 13, 2021",South,Karnatka,Benglore,Men,Street Footwear,64,150,9600,3936,0.41,Online
Amazon,1185737,"Monday, December 13, 2021",South,Karnatka,Benglore,Men,Athletic Footwear,53,105,5565,2226,0.4,Online
Amazon,1185737,"Monday, December 13, 2021",South,Karnatka,Benglore,Women,Street Footwear,51,98,4998,1949.22,0.39,Online
Amazon,1185737,"Monday, December 13, 2021",South,Karnatka,Benglore,Women,Athletic Footwear,52,75,3900,1482,0.38,Online
Amazon,1185737,"Monday, December 13, 2021",South,Karnatka,Benglore,Men,Apparel,62,84,5208,2031.12,0.39,Online
Amazon,1185737,"Monday, December 13, 2021",South,Karnatka,Benglore,Women,Apparel,65,112,7280,3203.2,0.44,Online
Amazon,1185737,"Thursday, January 14, 2021",South,Karnatka,Benglore,Men,Street Footwear,44,152,6688,3678.4,0.55,Online
Amazon,1185737,"Thursday, January 14, 2021",South,Karnatka,Benglore,Men,Athletic Footwear,42,94,3948,2368.8,0.6,Online
Amazon,1185737,"Thursday, January 14, 2021",South,Karnatka,Benglore,Women,Street Footwear,32,91,2912,1310.4,0.45,Online
Amazon,1185737,"Thursday, January 14, 2021",South,Karnatka,Benglore,Women,Athletic Footwear,39,44,1716,840.84,0.49,Online
Amazon,1185737,"Thursday, January 14, 2021",South,Karnatka,Benglore,Men,Apparel,52,68,3536,1661.92,0.47,Online
Amazon,1185737,"Thursday, January 14, 2021",South,Karnatka,Benglore,Women,Apparel,44,98,4312,2199.12,0.51,Online
Amazon,1185737,"Friday, February 12, 2021",South,Karnatka,Benglore,Men,Street Footwear,41,167,6847,3834.32,0.56,Online
Amazon,1185737,"Friday, February 12, 2021",South,Karnatka,Benglore,Men,Athletic Footwear,44,61,2684,1610.4,0.6,Online
Amazon,1185737,"Friday, February 12, 2021",South,Karnatka,Benglore,Women,Street Footwear,33,74,2442,1221,0.5,Online
Amazon,1185737,"Friday, October 15, 2021",South,Karnatka,Benglore,Women,Apparel,51,68,3468,1213.8,0.35,Outlet
Amazon,1185737,"Sunday, November 14, 2021",South,Karnatka,Benglore,Men,Street Footwear,49,120,5880,2058,0.35,Outlet
Amazon,1185737,"Sunday, November 14, 2021",South,Karnatka,Benglore,Men,Athletic Footwear,40,102,4080,1428,0.35,Outlet
Amazon,1185737,"Sunday, November 14, 2021",South,Karnatka,Benglore,Women,Street Footwear,44,91,4004,1201.2,0.3,Outlet
Amazon,1185737,"Sunday, November 14, 2021",South,Karnatka,Benglore,Women,Athletic Footwear,42,83,3486,1010.94,0.29,Outlet
Amazon,1185737,"Sunday, November 14, 2021",South,Karnatka,Benglore,Men,Apparel,50,78,3900,1248,0.32,Outlet
Amazon,1185737,"Sunday, November 14, 2021",South,Karnatka,Benglore,Women,Apparel,48,123,5904,2066.4,0.35,Outlet
Amazon,1185737,"Monday, December 13, 2021",South,Karnatka,Benglore,Men,Street Footwear,51,178,9078,3177.3,0.35,Outlet
Amazon,1185737,"Monday, December 13, 2021",South,Karnatka,Benglore,Men,Athletic Footwear,37,113,4181,1337.92,0.32,Outlet
Amazon,1185737,"Monday, December 13, 2021",South,Karnatka,Benglore,Women,Street Footwear,36,112,4032,1088.64,0.27,Outlet
Amazon,1185737,"Monday, December 13, 2021",South,Karnatka,Benglore,Women,Athletic Footwear,43,105,4515,1264.2,0.28,Outlet
Amazon,1185737,"Monday, December 13, 2021",South,Karnatka,Benglore,Men,Apparel,52,90,4680,1357.2,0.29,Outlet
Amazon,1185737,"Monday, December 13, 2021",South,Karnatka,Benglore,Women,Apparel,51,128,6528,2154.24,0.33,Outlet
Amazon,1185737,"Thursday, January 14, 2021",South,Karnatka,Benglore,Men,Street Footwear,35,179,6265,3257.8,0.52,Outlet
Amazon,1185737,"Thursday, January 14, 2021",South,Karnatka,Benglore,Men,Athletic Footwear,36,107,3852,1887.48,0.49,Outlet
Amazon,1185737,"Thursday, January 14, 2021",South,Karnatka,Benglore,Women,Street Footwear,27,101,2727,1090.8,0.4,Outlet
Amazon,1185737,"Thursday, January 14, 2021",South,Karnatka,Benglore,Women,Athletic Footwear,29,53,1537,599.43,0.39,Outlet
Amazon,1185737,"Thursday, January 14, 2021",South,Karnatka,Benglore,Men,Apparel,37,70,2590,1061.9,0.41,Outlet
Amazon,1185737,"Thursday, January 14, 2021",South,Karnatka,Benglore,Women,Apparel,34,104,3536,1520.48,0.43,Outlet
Amazon,1185737,"Friday, February 12, 2021",South,Karnatka,Benglore,Men,Street Footwear,33,184,6072,2853.84,0.47,Outlet
Amazon,1185737,"Friday, February 12, 2021",South,Karnatka,Benglore,Men,Athletic Footwear,33,72,2376,1116.72,0.47,Outlet
Amazon,1185737,"Friday, February 12, 2021",South,Karnatka,Benglore,Women,Street Footwear,25,85,2125,850,0.4,Outlet
Amazon,1185738,"Friday, February 19, 2021",South,Tamil Nadu,Chennai,Women,Athletic Footwear,45,200,90000,27000,0.3,In-store
Amazon,1185738,"Friday, February 19, 2021",South,Tamil Nadu,Chennai,Men,Apparel,60,275,165000,49500,0.3,In-store
Amazon,1185738,"Friday, February 19, 2021",South,Tamil Nadu,Chennai,Women,Apparel,50,375,187500,65625,0.35,In-store
Amazon,1185738,"Wednesday, March 17, 2021",South,Tamil Nadu,Chennai,Men,Street Footwear,50,570,285000,114000,0.4,In-store
Amazon,1185738,"Wednesday, March 17, 2021",South,Tamil Nadu,Chennai,Men,Athletic Footwear,50,275,137500,55000,0.4,In-store
Amazon,1185738,"Wednesday, March 17, 2021",South,Tamil Nadu,Chennai,Women,Street Footwear,40,300,120000,36000,0.3,In-store
Amazon,1185738,"Wednesday, March 17, 2021",South,Tamil Nadu,Chennai,Women,Athletic Footwear,45,150,67500,20250,0.3,In-store
Amazon,1185738,"Wednesday, March 17, 2021",South,Tamil Nadu,Chennai,Men,Apparel,60,200,120000,36000,0.3,In-store
Amazon,1185738,"Wednesday, March 17, 2021",South,Tamil Nadu,Chennai,Women,Apparel,50,300,150000,52500,0.35,In-store
Amazon,1185738,"Sunday, April 18, 2021",South,Tamil Nadu,Chennai,Men,Street Footwear,50,550,275000,110000,0.4,In-store
Amazon,1185738,"Sunday, April 18, 2021",South,Tamil Nadu,Chennai,Men,Athletic Footwear,50,250,125000,50000,0.4,In-store
Amazon,1185738,"Sunday, April 18, 2021",South,Tamil Nadu,Chennai,Women,Street Footwear,40,250,100000,30000,0.3,In-store
Amazon,1185738,"Sunday, April 18, 2021",South,Tamil Nadu,Chennai,Women,Athletic Footwear,45,175,78750,23625,0.3,In-store
Amazon,1185738,"Sunday, April 18, 2021",South,Tamil Nadu,Chennai,Men,Apparel,60,175,105000,31500,0.3,In-store
Amazon,1185738,"Sunday, April 18, 2021",South,Tamil Nadu,Chennai,Women,Apparel,50,325,162500,56875,0.35,In-store
Amazon,1185738,"Monday, May 17, 2021",South,Tamil Nadu,Chennai,Men,Street Footwear,65,595,386750,154700,0.4,In-store
Amazon,1185738,"Monday, May 17, 2021",South,Tamil Nadu,Chennai,Men,Athletic Footwear,60,300,180000,72000,0.4,In-store
Amazon,1185738,"Monday, May 17, 2021",South,Tamil Nadu,Chennai,Women,Street Footwear,55,325,178750,53625,0.3,In-store
Amazon,1185738,"Monday, May 17, 2021",South,Tamil Nadu,Chennai,Women,Athletic Footwear,55,275,151250,45375,0.3,In-store
Amazon,1185738,"Monday, May 17, 2021",South,Tamil Nadu,Chennai,Men,Apparel,65,300,195000,58500,0.3,In-store
Amazon,1185738,"Monday, May 17, 2021",South,Tamil Nadu,Chennai,Women,Apparel,70,425,297500,104125,0.35,In-store
Amazon,1185738,"Saturday, June 19, 2021",South,Tamil Nadu,Chennai,Men,Street Footwear,65,675,438750,175500,0.4,In-store
Amazon,1185738,"Saturday, June 19, 2021",South,Tamil Nadu,Chennai,Men,Athletic Footwear,60,425,255000,102000,0.4,In-store
Amazon,1185738,"Saturday, June 19, 2021",South,Tamil Nadu,Chennai,Women,Street Footwear,55,350,192500,57750,0.3,In-store
Amazon,1185738,"Saturday, June 19, 2021",South,Tamil Nadu,Chennai,Women,Athletic Footwear,55,325,178750,53625,0.3,In-store
Amazon,1185738,"Saturday, June 19, 2021",South,Tamil Nadu,Chennai,Men,Apparel,65,325,211250,63375,0.3,In-store
Amazon,1185738,"Saturday, June 19, 2021",South,Tamil Nadu,Chennai,Women,Apparel,70,475,332500,116375,0.35,In-store
Amazon,1185738,"Saturday, July 17, 2021",South,Tamil Nadu,Chennai,Men,Street Footwear,65,700,455000,182000,0.4,In-store
Amazon,1185738,"Saturday, July 17, 2021",South,Tamil Nadu,Chennai,Men,Athletic Footwear,60,450,270000,108000,0.4,Outlet
Amazon,1185738,"Saturday, July 17, 2021",South,Tamil Nadu,Chennai,Women,Street Footwear,55,375,206250,61875,0.3,Outlet
Amazon,1185738,"Saturday, July 17, 2021",South,Tamil Nadu,Chennai,Women,Athletic Footwear,55,325,178750,53625,0.3,Outlet
Amazon,1185738,"Saturday, July 17, 2021",South,Tamil Nadu,Chennai,Men,Apparel,65,350,227500,68250,0.3,Outlet
Amazon,1185738,"Saturday, July 17, 2021",South,Tamil Nadu,Chennai,Women,Apparel,70,525,367500,128625,0.35,Outlet
Amazon,1185738,"Wednesday, August 18, 2021",South,Tamil Nadu,Chennai,Men,Street Footwear,65,675,438750,175500,0.4,Outlet
Amazon,1185738,"Wednesday, August 18, 2021",South,Tamil Nadu,Chennai,Men,Athletic Footwear,60,450,270000,108000,0.4,Outlet
Amazon,1185738,"Wednesday, August 18, 2021",South,Tamil Nadu,Chennai,Women,Street Footwear,55,375,206250,61875,0.3,Outlet
Amazon,1185738,"Wednesday, August 18, 2021",South,Tamil Nadu,Chennai,Women,Athletic Footwear,55,275,151250,45375,0.3,Outlet
Amazon,1185738,"Wednesday, August 18, 2021",South,Tamil Nadu,Chennai,Men,Apparel,65,250,162500,48750,0.3,Outlet
Amazon,1185738,"Wednesday, August 18, 2021",South,Tamil Nadu,Chennai,Women,Apparel,70,425,297500,104125,0.35,Outlet
Amazon,1185738,"Friday, September 17, 2021",South,Tamil Nadu,Chennai,Men,Street Footwear,65,550,357500,143000,0.4,Outlet
Amazon,1185738,"Friday, September 17, 2021",South,Tamil Nadu,Chennai,Men,Athletic Footwear,60,350,210000,84000,0.4,Outlet
Amazon,1185738,"Friday, September 17, 2021",South,Tamil Nadu,Chennai,Women,Street Footwear,55,250,137500,41250,0.3,Outlet
Amazon,1185738,"Friday, September 17, 2021",South,Tamil Nadu,Chennai,Women,Athletic Footwear,55,225,123750,37125,0.3,Outlet
Amazon,1185738,"Friday, September 17, 2021",South,Tamil Nadu,Chennai,Men,Apparel,65,225,146250,43875,0.3,Outlet
Amazon,1185738,"Friday, September 17, 2021",South,Tamil Nadu,Chennai,Women,Apparel,70,325,227500,79625,0.35,Outlet
Amazon,1185738,"Friday, February 19, 2021",South,Tamil Nadu,Chennai,Women,Athletic Footwear,42,58,2436,1047.48,0.43,Online
Amazon,1185738,"Friday, February 19, 2021",South,Tamil Nadu,Chennai,Men,Apparel,56,83,4648,1998.64,0.43,Online
Amazon,1185738,"Friday, February 19, 2021",South,Tamil Nadu,Chennai,Women,Apparel,46,98,4508,2163.84,0.48,Online
Amazon,1185738,"Wednesday, March 17, 2021",South,Tamil Nadu,Chennai,Men,Street Footwear,49,165,8085,4042.5,0.5,Online
Amazon,1185738,"Wednesday, March 17, 2021",South,Tamil Nadu,Chennai,Men,Athletic Footwear,49,69,3381,1724.31,0.51,Online
Amazon,1185738,"Wednesday, March 17, 2021",South,Tamil Nadu,Chennai,Women,Street Footwear,38,75,2850,1168.5,0.41,Online
Amazon,1185738,"Wednesday, March 17, 2021",South,Tamil Nadu,Chennai,Women,Athletic Footwear,44,38,1672,702.24,0.42,Online
Amazon,1185738,"Wednesday, March 17, 2021",South,Tamil Nadu,Chennai,Men,Apparel,58,60,3480,1566,0.45,Online
Amazon,1185738,"Wednesday, March 17, 2021",South,Tamil Nadu,Chennai,Women,Apparel,45,75,3375,1586.25,0.47,Online
Amazon,1185738,"Sunday, April 18, 2021",South,Tamil Nadu,Chennai,Men,Street Footwear,48,154,7392,3917.76,0.53,Online
Amazon,1185738,"Sunday, April 18, 2021",South,Tamil Nadu,Chennai,Men,Athletic Footwear,49,68,3332,1832.6,0.55,Online
Amazon,1185738,"Sunday, April 18, 2021",South,Tamil Nadu,Chennai,Women,Street Footwear,38,73,2774,1220.56,0.44,Online
Amazon,1185738,"Sunday, April 18, 2021",South,Tamil Nadu,Chennai,Women,Athletic Footwear,44,49,2156,883.96,0.41,Online
Amazon,1185738,"Sunday, April 18, 2021",South,Tamil Nadu,Chennai,Men,Apparel,57,53,3021,1359.45,0.45,Online
Amazon,1185738,"Sunday, April 18, 2021",South,Tamil Nadu,Chennai,Women,Apparel,46,98,4508,2073.68,0.46,Online
Amazon,1185738,"Monday, May 17, 2021",South,Tamil Nadu,Chennai,Men,Street Footwear,64,173,11072,5868.16,0.53,Online
Amazon,1185738,"Monday, May 17, 2021",South,Tamil Nadu,Chennai,Men,Athletic Footwear,54,87,4698,2536.92,0.54,Online
Amazon,1185738,"Monday, May 17, 2021",South,Tamil Nadu,Chennai,Women,Street Footwear,51,98,4998,2099.16,0.42,Online
Amazon,1185738,"Monday, May 17, 2021",South,Tamil Nadu,Chennai,Women,Athletic Footwear,52,80,4160,1664,0.4,Online
Amazon,1185738,"Monday, May 17, 2021",South,Tamil Nadu,Chennai,Men,Apparel,63,78,4914,2211.3,0.45,Online
Amazon,1185738,"Monday, May 17, 2021",South,Tamil Nadu,Chennai,Women,Apparel,65,115,7475,3438.5,0.46,Online
Amazon,1185738,"Saturday, June 19, 2021",South,Tamil Nadu,Chennai,Men,Street Footwear,59,169,9971,5284.63,0.53,Online
Amazon,1185738,"Saturday, June 19, 2021",South,Tamil Nadu,Chennai,Men,Athletic Footwear,56,123,6888,3512.88,0.51,Online
Amazon,1185738,"Saturday, June 19, 2021",South,Tamil Nadu,Chennai,Women,Street Footwear,53,88,4664,2052.16,0.44,Online
Amazon,1185738,"Saturday, June 19, 2021",South,Tamil Nadu,Chennai,Women,Athletic Footwear,52,91,4732,1987.44,0.42,Online
Amazon,1185738,"Saturday, June 19, 2021",South,Tamil Nadu,Chennai,Men,Apparel,60,94,5640,2425.2,0.43,Online
Amazon,1185738,"Saturday, June 19, 2021",South,Tamil Nadu,Chennai,Women,Apparel,66,138,9108,4280.76,0.47,Online
Amazon,1185738,"Saturday, July 17, 2021",South,Tamil Nadu,Chennai,Men,Street Footwear,64,196,12544,6648.32,0.53,Online
Amazon,1185738,"Saturday, July 17, 2021",South,Tamil Nadu,Chennai,Men,Athletic Footwear,55,131,7205,3602.5,0.5,Online
Amazon,1185738,"Saturday, July 17, 2021",South,Tamil Nadu,Chennai,Women,Street Footwear,54,109,5886,2413.26,0.41,Online
Amazon,1185738,"Saturday, July 17, 2021",South,Tamil Nadu,Chennai,Women,Athletic Footwear,53,85,4505,1982.2,0.44,Online
Amazon,1185738,"Saturday, July 17, 2021",South,Tamil Nadu,Chennai,Men,Apparel,60,102,6120,2509.2,0.41,Online
Amazon,1185738,"Saturday, July 17, 2021",South,Tamil Nadu,Chennai,Women,Apparel,64,137,8768,4296.32,0.49,Online
Amazon,1185738,"Wednesday, August 18, 2021",South,Tamil Nadu,Chennai,Men,Street Footwear,60,196,11760,5997.6,0.51,Online
Amazon,1185738,"Wednesday, August 18, 2021",South,Tamil Nadu,Chennai,Men,Athletic Footwear,58,135,7830,4228.2,0.54,Online
Amazon,1185738,"Wednesday, August 18, 2021",South,Tamil Nadu,Chennai,Women,Street Footwear,52,105,5460,2457,0.45,Online
Amazon,1185738,"Wednesday, August 18, 2021",South,Tamil Nadu,Chennai,Women,Athletic Footwear,51,72,3672,1542.24,0.42,Online
Amazon,1185738,"Wednesday, August 18, 2021",South,Tamil Nadu,Chennai,Men,Apparel,59,73,4307,1938.15,0.45,Online
Amazon,1185738,"Wednesday, August 18, 2021",South,Tamil Nadu,Chennai,Women,Apparel,64,106,6784,3188.48,0.47,Online
Amazon,1185738,"Friday, September 17, 2021",South,Tamil Nadu,Chennai,Men,Street Footwear,59,154,9086,4724.72,0.52,Online
Amazon,1185738,"Friday, September 17, 2021",South,Tamil Nadu,Chennai,Men,Athletic Footwear,54,95,5130,2667.6,0.52,Online
Amazon,1185738,"Friday, September 17, 2021",South,Tamil Nadu,Chennai,Women,Street Footwear,52,75,3900,1677,0.43,Online
Amazon,1185738,"Friday, September 17, 2021",South,Tamil Nadu,Chennai,Women,Athletic Footwear,53,56,2968,1246.56,0.42,Online
Amazon,1185738,"Friday, September 17, 2021",South,Tamil Nadu,Chennai,Men,Apparel,64,63,4032,1733.76,0.43,Online
Amazon,1185738,"Friday, September 17, 2021",South,Tamil Nadu,Chennai,Women,Apparel,68,98,6664,3065.44,0.46,Online
Amazon,1185738,"Friday, February 19, 2021",South,Tamil Nadu,Chennai,Women,Athletic Footwear,31,68,2108,716.72,0.34,Outlet
Amazon,1185738,"Friday, February 19, 2021",South,Tamil Nadu,Chennai,Men,Apparel,41,96,3936,1298.88,0.33,Outlet
Amazon,1185738,"Friday, February 19, 2021",South,Tamil Nadu,Chennai,Women,Apparel,36,124,4464,1785.6,0.4,Outlet
Amazon,1185738,"Wednesday, March 17, 2021",South,Tamil Nadu,Chennai,Men,Street Footwear,39,188,7332,3372.72,0.46,Outlet
Amazon,1185738,"Wednesday, March 17, 2021",South,Tamil Nadu,Chennai,Men,Athletic Footwear,36,88,3168,1457.28,0.46,Outlet
Amazon,1185738,"Wednesday, March 17, 2021",South,Tamil Nadu,Chennai,Women,Street Footwear,32,105,3360,1142.4,0.34,Outlet
Amazon,1185738,"Wednesday, March 17, 2021",South,Tamil Nadu,Chennai,Women,Athletic Footwear,33,45,1485,549.45,0.37,Outlet
Amazon,1185738,"Wednesday, March 17, 2021",South,Tamil Nadu,Chennai,Men,Apparel,47,60,2820,930.6,0.33,Outlet
Amazon,1185738,"Wednesday, March 17, 2021",South,Tamil Nadu,Chennai,Women,Apparel,36,99,3564,1354.32,0.38,Outlet
